"order_id","pizza_id","order_datetime","quantity","total_price"
1,"40","2015-01-01 11:38:36",1,"13.25"
2,"54","2015-01-01 11:57:40",1,"16"
2,"20","2015-01-01 11:57:40",1,"18.5"
2,"1","2015-01-01 11:57:40",1,"20.75"
2,"24","2015-01-01 11:57:40",1,"16"
2,"74","2015-01-01 11:57:40",1,"20.75"
3,"39","2015-01-01 12:12:28",1,"16.5"
3,"60","2015-01-01 12:12:28",1,"20.75"
4,"39","2015-01-01 12:16:31",1,"16.5"
5,"39","2015-01-01 12:21:30",1,"16.5"
6,"31","2015-01-01 12:29:36",1,"12.75"
6,"48","2015-01-01 12:29:36",1,"12"
7,"42","2015-01-01 12:50:37",1,"12.5"
8,"42","2015-01-01 12:51:37",1,"12.5"
9,"37","2015-01-01 12:52:01",1,"12"
9,"85","2015-01-01 12:52:01",1,"12"
9,"36","2015-01-01 12:52:01",1,"20.5"
9,"1","2015-01-01 12:52:01",1,"20.75"
9,"16","2015-01-01 12:52:01",1,"12.5"
9,"2","2015-01-01 12:52:01",1,"12"
9,"33","2015-01-01 12:52:01",1,"20.75"
9,"73","2015-01-01 12:52:01",1,"20.75"
9,"67","2015-01-01 12:52:01",1,"12"
10,"12","2015-01-01 13:00:15",1,"20.25"
10,"79","2015-01-01 13:00:15",1,"20.75"
11,"44","2015-01-01 13:02:59",1,"20.75"
11,"32","2015-01-01 13:02:59",1,"20.75"
11,"63","2015-01-01 13:02:59",1,"16.75"
11,"18","2015-01-01 13:02:59",1,"15.25"
12,"32","2015-01-01 13:04:41",1,"20.75"
12,"50","2015-01-01 13:04:41",1,"12.75"
12,"66","2015-01-01 13:04:41",1,"20.75"
12,"39","2015-01-01 13:04:41",1,"16.5"
13,"12","2015-01-01 13:11:55",1,"20.25"
14,"48","2015-01-01 13:14:19",1,"12"
15,"56","2015-01-01 13:33:00",1,"12"
15,"20","2015-01-01 13:33:00",1,"18.5"
15,"30","2015-01-01 13:33:00",1,"20.75"
15,"48","2015-01-01 13:33:00",1,"12"
16,"15","2015-01-01 13:34:07",1,"17.95"
16,"72","2015-01-01 13:34:07",1,"12"
16,"74","2015-01-01 13:34:07",1,"20.75"
17,"44","2015-01-01 13:53:00",1,"20.75"
17,"38","2015-01-01 13:53:00",1,"16.25"
17,"20","2015-01-01 13:53:00",1,"18.5"
17,"89","2015-01-01 13:53:00",1,"14.75"
17,"39","2015-01-01 13:53:00",1,"16.5"
17,"5","2015-01-01 13:53:00",1,"12.75"
17,"71","2015-01-01 13:53:00",2,"32"
17,"12","2015-01-01 13:53:00",1,"20.25"
17,"62","2015-01-01 13:53:00",1,"12.5"
17,"23","2015-01-01 13:53:00",1,"20.25"
18,"84","2015-01-01 13:57:08",1,"20.5"
19,"36","2015-01-01 13:59:09",1,"20.5"
19,"75","2015-01-01 13:59:09",1,"20.25"
20,"56","2015-01-01 14:03:08",1,"12"
20,"20","2015-01-01 14:03:08",1,"18.5"
21,"36","2015-01-01 14:14:29",1,"20.5"
22,"20","2015-01-01 14:16:26",1,"18.5"
22,"10","2015-01-01 14:16:26",1,"16"
22,"79","2015-01-01 14:16:26",1,"20.75"
23,"8","2015-01-01 14:19:03",1,"12.75"
24,"86","2015-01-01 14:23:01",1,"16.75"
24,"10","2015-01-01 14:23:01",1,"16"
24,"69","2015-01-01 14:23:01",1,"12.5"
24,"45","2015-01-01 14:23:01",1,"12.5"
25,"4","2015-01-01 14:44:44",1,"16.25"
25,"74","2015-01-01 14:44:44",1,"20.75"
26,"37","2015-01-01 14:54:26",1,"12"
26,"82","2015-01-01 14:54:26",1,"20.25"
27,"44","2015-01-01 15:11:17",1,"20.75"
27,"54","2015-01-01 15:11:17",1,"16"
27,"23","2015-01-01 15:11:17",1,"20.25"
28,"78","2015-01-01 15:35:46",1,"12.75"
29,"85","2015-01-01 15:41:01",1,"12"
30,"74","2015-01-01 15:41:25",1,"20.75"
31,"24","2015-01-01 15:50:18",1,"16"
31,"28","2015-01-01 15:50:18",1,"9.75"
32,"56","2015-01-01 15:53:18",1,"12"
32,"21","2015-01-01 15:53:18",1,"20.25"
32,"36","2015-01-01 15:53:18",1,"20.5"
32,"39","2015-01-01 15:53:18",1,"16.5"
33,"44","2015-01-01 15:54:08",1,"20.75"
33,"85","2015-01-01 15:54:08",1,"12"
34,"48","2015-01-01 16:21:21",1,"12"
35,"59","2015-01-01 16:32:04",1,"16"
35,"35","2015-01-01 16:32:04",1,"17.5"
35,"69","2015-01-01 16:32:04",1,"12.5"
35,"74","2015-01-01 16:32:04",1,"20.75"
36,"86","2015-01-01 16:54:09",1,"16.75"
36,"54","2015-01-01 16:54:09",1,"16"
37,"1","2015-01-01 16:56:09",1,"20.75"
37,"12","2015-01-01 16:56:09",1,"20.25"
38,"19","2015-01-01 17:03:00",1,"10.5"
38,"36","2015-01-01 17:03:00",1,"20.5"
39,"1","2015-01-01 17:07:23",1,"20.75"
40,"15","2015-01-01 17:14:36",1,"17.95"
40,"8","2015-01-01 17:14:36",1,"12.75"
41,"89","2015-01-01 17:15:20",1,"14.75"
41,"85","2015-01-01 17:15:20",1,"12"
42,"56","2015-01-01 17:28:09",1,"12"
42,"20","2015-01-01 17:28:09",1,"18.5"
42,"12","2015-01-01 17:28:09",1,"20.25"
42,"25","2015-01-01 17:28:09",1,"16.5"
43,"64","2015-01-01 17:38:34",1,"16.75"
43,"39","2015-01-01 17:38:34",1,"16.5"
43,"51","2015-01-01 17:38:34",1,"20.75"
44,"65","2015-01-01 17:54:20",1,"12.5"
45,"15","2015-01-01 17:55:48",1,"17.95"
45,"19","2015-01-01 17:55:48",1,"10.5"
45,"61","2015-01-01 17:55:48",1,"16.75"
46,"66","2015-01-01 18:25:51",1,"20.75"
46,"29","2015-01-01 18:25:51",1,"20.5"
46,"61","2015-01-01 18:25:51",1,"16.75"
47,"79","2015-01-01 18:26:34",1,"20.75"
47,"67","2015-01-01 18:26:34",1,"12"
48,"43","2015-01-01 18:26:42",1,"16.75"
48,"85","2015-01-01 18:26:42",1,"12"
48,"60","2015-01-01 18:26:42",1,"20.75"
48,"33","2015-01-01 18:26:42",1,"20.75"
49,"75","2015-01-01 18:33:00",1,"20.25"
50,"55","2015-01-01 18:41:01",1,"25.5"
51,"44","2015-01-01 18:48:28",1,"20.75"
51,"35","2015-01-01 18:48:28",1,"17.5"
52,"17","2015-01-01 18:53:02",1,"16.5"
52,"12","2015-01-01 18:53:02",1,"20.25"
52,"33","2015-01-01 18:53:02",1,"20.75"
53,"91","2015-01-01 18:54:17",1,"11"
53,"57","2015-01-01 18:54:17",1,"16.5"
54,"7","2015-01-01 19:01:45",1,"16.5"
54,"74","2015-01-01 19:01:45",1,"20.75"
55,"62","2015-01-01 19:03:19",1,"12.5"
55,"33","2015-01-01 19:03:19",1,"20.75"
56,"54","2015-01-01 19:07:00",1,"16"
56,"11","2015-01-01 19:07:00",1,"20.25"
56,"14","2015-01-01 19:07:00",1,"16.75"
57,"54","2015-01-01 19:10:51",1,"16"
58,"20","2015-01-01 19:30:40",1,"18.5"
58,"69","2015-01-01 19:30:40",1,"12.5"
59,"5","2015-01-01 19:40:08",1,"12.75"
59,"91","2015-01-01 19:40:08",1,"11"
59,"18","2015-01-01 19:40:08",1,"15.25"
60,"66","2015-01-01 20:05:16",1,"20.75"
60,"89","2015-01-01 20:05:16",1,"14.75"
61,"86","2015-01-01 20:08:43",1,"16.75"
61,"1","2015-01-01 20:08:43",1,"20.75"
62,"86","2015-01-01 20:50:16",1,"16.75"
62,"57","2015-01-01 20:50:16",1,"16.5"
63,"52","2015-01-01 20:51:42",1,"14.5"
64,"56","2015-01-01 20:52:08",1,"12"
65,"91","2015-01-01 21:16:00",1,"11"
65,"68","2015-01-01 21:16:00",1,"12.25"
65,"9","2015-01-01 21:16:00",1,"12.5"
65,"57","2015-01-01 21:16:00",1,"16.5"
66,"54","2015-01-01 21:47:55",1,"16"
66,"10","2015-01-01 21:47:55",1,"16"
67,"79","2015-01-01 22:03:40",1,"20.75"
68,"54","2015-01-01 22:07:32",1,"16"
68,"1","2015-01-01 22:07:32",1,"20.75"
68,"39","2015-01-01 22:07:32",1,"16.5"
69,"44","2015-01-01 22:12:13",1,"20.75"
70,"5","2015-01-02 11:38:51",1,"12.75"
70,"30","2015-01-02 11:38:51",1,"20.75"
71,"74","2015-01-02 11:40:50",1,"20.75"
72,"23","2015-01-02 11:57:25",1,"20.25"
73,"27","2015-01-02 11:58:56",1,"12.75"
74,"20","2015-01-02 12:01:12",1,"18.5"
74,"12","2015-01-02 12:01:12",1,"20.25"
74,"65","2015-01-02 12:01:12",1,"12.5"
74,"49","2015-01-02 12:01:12",1,"20.75"
75,"16","2015-01-02 12:10:15",1,"12.5"
75,"11","2015-01-02 12:10:15",1,"20.25"
75,"84","2015-01-02 12:10:15",1,"20.5"
76,"56","2015-01-02 12:21:17",1,"12"
76,"17","2015-01-02 12:21:17",1,"16.5"
76,"53","2015-01-02 12:21:17",1,"21"
76,"33","2015-01-02 12:21:17",1,"20.75"
77,"86","2015-01-02 12:22:46",1,"16.75"
77,"40","2015-01-02 12:22:46",1,"13.25"
78,"56","2015-01-02 12:28:14",1,"12"
78,"37","2015-01-02 12:28:14",1,"12"
78,"15","2015-01-02 12:28:14",1,"17.95"
78,"10","2015-01-02 12:28:14",1,"16"
78,"33","2015-01-02 12:28:14",3,"62.25"
78,"27","2015-01-02 12:28:14",1,"12.75"
79,"36","2015-01-02 12:29:11",1,"20.5"
79,"91","2015-01-02 12:29:11",1,"11"
79,"74","2015-01-02 12:29:11",1,"20.75"
80,"28","2015-01-02 12:35:38",1,"9.75"
80,"61","2015-01-02 12:35:38",1,"16.75"
81,"74","2015-01-02 12:40:01",1,"20.75"
82,"56","2015-01-02 12:45:51",1,"12"
82,"63","2015-01-02 12:45:51",1,"16.75"
82,"33","2015-01-02 12:45:51",1,"20.75"
82,"90","2015-01-02 12:45:51",1,"16"
83,"8","2015-01-02 12:53:27",1,"12.75"
84,"18","2015-01-02 13:13:41",1,"15.25"
85,"54","2015-01-02 13:34:49",1,"16"
85,"37","2015-01-02 13:34:49",1,"12"
85,"1","2015-01-02 13:34:49",1,"20.75"
85,"76","2015-01-02 13:34:49",1,"16"
86,"17","2015-01-02 13:40:31",1,"16.5"
87,"10","2015-01-02 14:01:02",1,"16"
87,"24","2015-01-02 14:01:02",1,"16"
87,"49","2015-01-02 14:01:02",1,"20.75"
87,"42","2015-01-02 14:01:02",1,"12.5"
88,"20","2015-01-02 14:10:08",1,"18.5"
89,"30","2015-01-02 14:30:19",1,"20.75"
89,"74","2015-01-02 14:30:19",1,"20.75"
90,"75","2015-01-02 15:08:48",1,"20.25"
90,"27","2015-01-02 15:08:48",1,"12.75"
91,"44","2015-01-02 15:14:43",2,"41.5"
91,"83","2015-01-02 15:14:43",1,"12.75"
91,"28","2015-01-02 15:14:43",1,"9.75"
92,"86","2015-01-02 15:17:02",1,"16.75"
92,"1","2015-01-02 15:17:02",1,"20.75"
92,"39","2015-01-02 15:17:02",1,"16.5"
92,"5","2015-01-02 15:17:02",1,"12.75"
92,"69","2015-01-02 15:17:02",1,"12.5"
92,"25","2015-01-02 15:17:02",1,"16.5"
92,"81","2015-01-02 15:17:02",1,"12"
92,"42","2015-01-02 15:17:02",1,"12.5"
92,"76","2015-01-02 15:17:02",2,"32"
93,"4","2015-01-02 15:29:31",1,"16.25"
94,"10","2015-01-02 16:17:16",1,"16"
94,"8","2015-01-02 16:17:16",1,"12.75"
95,"72","2015-01-02 16:18:04",1,"12"
95,"51","2015-01-02 16:18:04",1,"20.75"
96,"72","2015-01-02 16:21:20",1,"12"
97,"56","2015-01-02 16:45:33",1,"12"
98,"29","2015-01-02 17:18:18",1,"20.5"
98,"84","2015-01-02 17:18:18",1,"20.5"
99,"1","2015-01-02 17:45:42",1,"20.75"
100,"17","2015-01-02 17:46:17",1,"16.5"
101,"32","2015-01-02 17:51:33",1,"20.75"
101,"18","2015-01-02 17:51:33",1,"15.25"
101,"30","2015-01-02 17:51:33",1,"20.75"
101,"41","2015-01-02 17:51:33",1,"16.5"
102,"31","2015-01-02 17:54:04",1,"12.75"
102,"45","2015-01-02 17:54:04",1,"12.5"
103,"42","2015-01-02 18:02:09",1,"12.5"
104,"86","2015-01-02 18:02:12",1,"16.75"
104,"64","2015-01-02 18:02:12",1,"16.75"
104,"22","2015-01-02 18:02:12",1,"16.75"
104,"82","2015-01-02 18:02:12",1,"20.25"
105,"19","2015-01-02 18:12:01",2,"21"
105,"18","2015-01-02 18:12:01",1,"15.25"
105,"7","2015-01-02 18:12:01",1,"16.5"
106,"12","2015-01-02 18:12:13",1,"20.25"
106,"33","2015-01-02 18:12:13",1,"20.75"
107,"32","2015-01-02 18:25:09",1,"20.75"
107,"39","2015-01-02 18:25:09",1,"16.5"
107,"33","2015-01-02 18:25:09",1,"20.75"
373,"83","2015-01-07 11:45:18",1,"12.75"
107,"82","2015-01-02 18:25:09",1,"20.25"
108,"29","2015-01-02 18:25:25",1,"20.5"
108,"17","2015-01-02 18:25:25",1,"16.5"
108,"49","2015-01-02 18:25:25",1,"20.75"
109,"36","2015-01-02 18:27:50",1,"20.5"
109,"1","2015-01-02 18:27:50",1,"20.75"
109,"69","2015-01-02 18:27:50",1,"12.5"
109,"60","2015-01-02 18:27:50",1,"20.75"
110,"56","2015-01-02 18:36:19",1,"12"
110,"84","2015-01-02 18:36:19",1,"20.5"
110,"30","2015-01-02 18:36:19",1,"20.75"
110,"9","2015-01-02 18:36:19",1,"12.5"
111,"63","2015-01-02 18:38:01",1,"16.75"
111,"20","2015-01-02 18:38:01",1,"18.5"
111,"69","2015-01-02 18:38:01",1,"12.5"
111,"73","2015-01-02 18:38:01",1,"20.75"
112,"28","2015-01-02 18:41:40",1,"9.75"
113,"32","2015-01-02 18:50:21",1,"20.75"
113,"12","2015-01-02 18:50:21",1,"20.25"
113,"14","2015-01-02 18:50:21",1,"16.75"
114,"18","2015-01-02 18:59:32",1,"15.25"
114,"68","2015-01-02 18:59:32",1,"12.25"
115,"56","2015-01-02 19:05:17",1,"12"
115,"84","2015-01-02 19:05:17",1,"20.5"
115,"61","2015-01-02 19:05:17",1,"16.75"
116,"20","2015-01-02 19:18:49",1,"18.5"
117,"25","2015-01-02 19:23:02",1,"16.5"
117,"75","2015-01-02 19:23:02",1,"20.25"
118,"60","2015-01-02 19:26:59",1,"20.75"
118,"81","2015-01-02 19:26:59",1,"12"
119,"89","2015-01-02 19:32:29",1,"14.75"
120,"37","2015-01-02 19:35:07",1,"12"
120,"19","2015-01-02 19:35:07",1,"10.5"
120,"23","2015-01-02 19:35:07",1,"20.25"
121,"86","2015-01-02 19:38:48",1,"16.75"
121,"15","2015-01-02 19:38:48",1,"17.95"
121,"75","2015-01-02 19:38:48",1,"20.25"
121,"79","2015-01-02 19:38:48",1,"20.75"
122,"39","2015-01-02 19:50:19",1,"16.5"
123,"6","2015-01-02 20:12:09",1,"12"
124,"31","2015-01-02 20:12:34",1,"12.75"
124,"75","2015-01-02 20:12:34",1,"20.25"
124,"33","2015-01-02 20:12:34",1,"20.75"
124,"48","2015-01-02 20:12:34",1,"12"
125,"55","2015-01-02 20:31:06",1,"25.5"
126,"82","2015-01-02 20:53:42",1,"20.25"
127,"69","2015-01-02 20:58:23",1,"12.5"
128,"9","2015-01-02 21:05:06",1,"12.5"
129,"56","2015-01-02 21:13:02",1,"12"
129,"76","2015-01-02 21:13:02",1,"16"
130,"19","2015-01-02 21:14:55",1,"10.5"
130,"36","2015-01-02 21:14:55",1,"20.5"
130,"24","2015-01-02 21:14:55",1,"16"
130,"8","2015-01-02 21:14:55",1,"12.75"
131,"66","2015-01-02 21:33:10",1,"20.75"
131,"20","2015-01-02 21:33:10",1,"18.5"
131,"85","2015-01-02 21:33:10",1,"12"
131,"42","2015-01-02 21:33:10",1,"12.5"
132,"28","2015-01-02 21:42:45",1,"9.75"
133,"44","2015-01-02 22:00:17",1,"20.75"
133,"17","2015-01-02 22:00:17",1,"16.5"
133,"48","2015-01-02 22:00:17",1,"12"
134,"56","2015-01-02 22:13:24",1,"12"
134,"79","2015-01-02 22:13:24",1,"20.75"
134,"42","2015-01-02 22:13:24",1,"12.5"
135,"82","2015-01-02 22:29:34",1,"20.25"
136,"20","2015-01-02 22:32:49",1,"18.5"
136,"62","2015-01-02 22:32:49",1,"12.5"
137,"11","2015-01-03 11:34:10",1,"20.25"
137,"28","2015-01-03 11:34:10",1,"9.75"
137,"41","2015-01-03 11:34:10",1,"16.5"
138,"63","2015-01-03 11:44:50",1,"16.75"
138,"15","2015-01-03 11:44:50",1,"17.95"
138,"53","2015-01-03 11:44:50",1,"21"
138,"4","2015-01-03 11:44:50",1,"16.25"
139,"20","2015-01-03 11:57:39",1,"18.5"
140,"45","2015-01-03 12:26:44",1,"12.5"
140,"90","2015-01-03 12:26:44",1,"16"
141,"54","2015-01-03 13:16:01",1,"16"
142,"59","2015-01-03 13:33:59",1,"16"
143,"50","2015-01-03 13:41:36",1,"12.75"
143,"37","2015-01-03 13:41:36",1,"12"
143,"17","2015-01-03 13:41:36",1,"16.5"
143,"24","2015-01-03 13:41:36",1,"16"
143,"18","2015-01-03 13:41:36",1,"15.25"
143,"45","2015-01-03 13:41:36",1,"12.5"
143,"74","2015-01-03 13:41:36",1,"20.75"
143,"90","2015-01-03 13:41:36",1,"16"
144,"86","2015-01-03 13:44:28",3,"50.25"
144,"56","2015-01-03 13:44:28",1,"12"
144,"32","2015-01-03 13:44:28",1,"20.75"
144,"43","2015-01-03 13:44:28",1,"16.75"
144,"20","2015-01-03 13:44:28",1,"18.5"
144,"15","2015-01-03 13:44:28",1,"17.95"
144,"91","2015-01-03 13:44:28",1,"11"
144,"79","2015-01-03 13:44:28",1,"20.75"
144,"8","2015-01-03 13:44:28",1,"12.75"
144,"33","2015-01-03 13:44:28",1,"20.75"
144,"61","2015-01-03 13:44:28",1,"16.75"
144,"82","2015-01-03 13:44:28",1,"20.25"
145,"48","2015-01-03 13:53:48",1,"12"
146,"32","2015-01-03 14:22:10",1,"20.75"
146,"89","2015-01-03 14:22:10",1,"14.75"
146,"40","2015-01-03 14:22:10",1,"13.25"
147,"55","2015-01-03 14:32:51",1,"25.5"
148,"87","2015-01-03 14:40:42",1,"12"
149,"3","2015-01-03 14:48:45",1,"16"
150,"69","2015-01-03 14:49:58",1,"12.5"
151,"79","2015-01-03 15:09:34",1,"20.75"
151,"42","2015-01-03 15:09:34",1,"12.5"
152,"19","2015-01-03 15:09:42",1,"10.5"
152,"23","2015-01-03 15:09:42",1,"20.25"
152,"27","2015-01-03 15:09:42",1,"12.75"
152,"76","2015-01-03 15:09:42",1,"16"
153,"24","2015-01-03 15:16:34",1,"16"
154,"45","2015-01-03 15:22:43",1,"12.5"
155,"83","2015-01-03 15:28:59",1,"12.75"
155,"84","2015-01-03 15:28:59",1,"20.5"
155,"18","2015-01-03 15:28:59",1,"15.25"
155,"51","2015-01-03 15:28:59",1,"20.75"
156,"46","2015-01-03 15:42:19",1,"16"
156,"74","2015-01-03 15:42:19",1,"20.75"
157,"1","2015-01-03 15:43:03",1,"20.75"
157,"71","2015-01-03 15:43:03",1,"16"
157,"4","2015-01-03 15:43:03",1,"16.25"
157,"13","2015-01-03 15:43:03",1,"16.5"
158,"22","2015-01-03 15:54:30",1,"16.75"
158,"61","2015-01-03 15:54:30",1,"16.75"
159,"15","2015-01-03 15:59:22",1,"17.95"
159,"61","2015-01-03 15:59:22",1,"16.75"
160,"54","2015-01-03 16:35:33",1,"16"
161,"19","2015-01-03 16:43:46",1,"10.5"
161,"41","2015-01-03 16:43:46",1,"16.5"
161,"55","2015-01-03 16:43:46",1,"25.5"
162,"56","2015-01-03 16:51:22",1,"12"
163,"40","2015-01-03 16:54:54",1,"13.25"
163,"18","2015-01-03 16:54:54",1,"15.25"
163,"76","2015-01-03 16:54:54",1,"16"
164,"32","2015-01-03 16:56:33",1,"20.75"
164,"69","2015-01-03 16:56:33",1,"12.5"
165,"7","2015-01-03 16:57:37",1,"16.5"
166,"45","2015-01-03 16:58:51",1,"12.5"
167,"44","2015-01-03 17:00:49",1,"20.75"
167,"39","2015-01-03 17:00:49",1,"16.5"
167,"69","2015-01-03 17:00:49",1,"12.5"
168,"56","2015-01-03 17:02:27",1,"12"
168,"90","2015-01-03 17:02:27",1,"16"
169,"15","2015-01-03 17:15:48",1,"17.95"
169,"6","2015-01-03 17:15:48",1,"12"
169,"4","2015-01-03 17:15:48",1,"16.25"
170,"17","2015-01-03 17:21:31",1,"16.5"
171,"46","2015-01-03 17:23:03",1,"16"
172,"72","2015-01-03 17:29:24",1,"12"
172,"57","2015-01-03 17:29:24",1,"16.5"
172,"74","2015-01-03 17:29:24",1,"20.75"
173,"63","2015-01-03 17:35:30",1,"16.75"
173,"54","2015-01-03 17:35:30",1,"16"
173,"82","2015-01-03 17:35:30",1,"20.25"
174,"56","2015-01-03 17:37:49",1,"12"
174,"32","2015-01-03 17:37:49",1,"20.75"
174,"63","2015-01-03 17:37:49",1,"16.75"
174,"10","2015-01-03 17:37:49",1,"16"
175,"1","2015-01-03 17:50:51",1,"20.75"
176,"32","2015-01-03 17:51:57",1,"20.75"
176,"25","2015-01-03 17:51:57",1,"16.5"
177,"72","2015-01-03 17:54:36",1,"12"
177,"74","2015-01-03 17:54:36",1,"20.75"
178,"51","2015-01-03 18:15:03",1,"20.75"
179,"17","2015-01-03 18:20:14",1,"16.5"
179,"4","2015-01-03 18:20:14",1,"16.25"
179,"67","2015-01-03 18:20:14",1,"12"
180,"29","2015-01-03 18:33:34",1,"20.5"
180,"60","2015-01-03 18:33:34",1,"20.75"
181,"12","2015-01-03 18:49:32",1,"20.25"
182,"88","2015-01-03 18:50:10",1,"23.65"
182,"51","2015-01-03 18:50:10",1,"20.75"
183,"46","2015-01-03 18:54:55",1,"16"
183,"73","2015-01-03 18:54:55",1,"20.75"
183,"65","2015-01-03 18:54:55",1,"12.5"
184,"17","2015-01-03 18:59:05",1,"16.5"
185,"4","2015-01-03 19:08:33",1,"16.25"
185,"65","2015-01-03 19:08:33",1,"12.5"
186,"12","2015-01-03 19:36:00",1,"20.25"
186,"79","2015-01-03 19:36:00",1,"20.75"
186,"73","2015-01-03 19:36:00",1,"20.75"
186,"74","2015-01-03 19:36:00",1,"20.75"
187,"20","2015-01-03 19:37:12",1,"18.5"
187,"73","2015-01-03 19:37:12",1,"20.75"
188,"20","2015-01-03 20:08:39",1,"18.5"
188,"28","2015-01-03 20:08:39",1,"9.75"
188,"51","2015-01-03 20:08:39",1,"20.75"
189,"56","2015-01-03 20:12:14",2,"24"
189,"27","2015-01-03 20:12:14",1,"12.75"
190,"44","2015-01-03 20:14:23",1,"20.75"
190,"89","2015-01-03 20:14:23",1,"14.75"
190,"91","2015-01-03 20:14:23",1,"11"
190,"60","2015-01-03 20:14:23",1,"20.75"
191,"32","2015-01-03 20:24:50",1,"20.75"
191,"64","2015-01-03 20:24:50",1,"16.75"
192,"68","2015-01-03 20:30:08",1,"12.25"
192,"79","2015-01-03 20:30:08",1,"20.75"
193,"56","2015-01-03 20:55:47",1,"12"
193,"63","2015-01-03 20:55:47",1,"16.75"
193,"34","2015-01-03 20:55:47",2,"41.5"
194,"31","2015-01-03 21:21:24",1,"12.75"
195,"44","2015-01-03 21:25:20",1,"20.75"
196,"68","2015-01-03 21:40:14",1,"12.25"
196,"41","2015-01-03 21:40:14",1,"16.5"
196,"90","2015-01-03 21:40:14",1,"16"
197,"15","2015-01-03 21:47:48",1,"17.95"
197,"36","2015-01-03 21:47:48",1,"20.5"
1499,"17","2015-01-26 11:33:33",1,"16.5"
197,"53","2015-01-03 21:47:48",1,"21"
197,"30","2015-01-03 21:47:48",1,"20.75"
198,"56","2015-01-03 21:55:42",1,"12"
198,"34","2015-01-03 21:55:42",1,"20.75"
199,"64","2015-01-03 22:10:38",1,"16.75"
200,"55","2015-01-03 22:24:05",1,"25.5"
201,"38","2015-01-03 22:29:59",1,"16.25"
201,"66","2015-01-03 22:29:59",1,"20.75"
201,"1","2015-01-03 22:29:59",1,"20.75"
201,"55","2015-01-03 22:29:59",1,"25.5"
202,"50","2015-01-03 22:50:29",1,"12.75"
203,"32","2015-01-04 11:30:48",1,"20.75"
203,"22","2015-01-04 11:30:48",1,"16.75"
203,"35","2015-01-04 11:30:48",1,"17.5"
203,"48","2015-01-04 11:30:48",1,"12"
204,"33","2015-01-04 11:36:25",1,"20.75"
205,"50","2015-01-04 11:43:54",1,"12.75"
205,"64","2015-01-04 11:43:54",1,"16.75"
205,"45","2015-01-04 11:43:54",1,"12.5"
206,"46","2015-01-04 11:45:10",1,"16"
206,"28","2015-01-04 11:45:10",1,"9.75"
206,"33","2015-01-04 11:45:10",1,"20.75"
207,"33","2015-01-04 12:03:58",1,"20.75"
208,"44","2015-01-04 12:12:05",1,"20.75"
208,"31","2015-01-04 12:12:05",1,"12.75"
208,"64","2015-01-04 12:12:05",1,"16.75"
208,"69","2015-01-04 12:12:05",1,"12.5"
208,"76","2015-01-04 12:12:05",1,"16"
209,"32","2015-01-04 12:29:17",1,"20.75"
210,"81","2015-01-04 12:34:13",1,"12"
211,"28","2015-01-04 12:54:20",1,"9.75"
212,"36","2015-01-04 13:16:03",1,"20.5"
213,"15","2015-01-04 13:20:39",1,"17.95"
214,"36","2015-01-04 13:39:16",1,"20.5"
214,"39","2015-01-04 13:39:16",1,"16.5"
214,"2","2015-01-04 13:39:16",1,"12"
214,"13","2015-01-04 13:39:16",1,"16.5"
215,"85","2015-01-04 13:44:49",1,"12"
216,"86","2015-01-04 14:31:56",1,"16.75"
216,"20","2015-01-04 14:31:56",1,"18.5"
216,"17","2015-01-04 14:31:56",1,"16.5"
217,"54","2015-01-04 14:35:03",1,"16"
217,"81","2015-01-04 14:35:03",1,"12"
218,"41","2015-01-04 14:35:11",1,"16.5"
219,"44","2015-01-04 14:42:01",1,"20.75"
219,"20","2015-01-04 14:42:01",1,"18.5"
219,"25","2015-01-04 14:42:01",1,"16.5"
219,"3","2015-01-04 14:42:01",1,"16"
220,"19","2015-01-04 15:31:59",1,"10.5"
220,"6","2015-01-04 15:31:59",1,"12"
220,"84","2015-01-04 15:31:59",1,"20.5"
220,"33","2015-01-04 15:31:59",1,"20.75"
221,"20","2015-01-04 15:33:18",1,"18.5"
221,"7","2015-01-04 15:33:18",1,"16.5"
221,"48","2015-01-04 15:33:18",1,"12"
222,"15","2015-01-04 15:46:38",1,"17.95"
222,"68","2015-01-04 15:46:38",1,"12.25"
223,"91","2015-01-04 16:08:20",1,"11"
224,"78","2015-01-04 16:39:58",1,"12.75"
224,"39","2015-01-04 16:39:58",1,"16.5"
224,"46","2015-01-04 16:39:58",1,"16"
224,"74","2015-01-04 16:39:58",1,"20.75"
225,"44","2015-01-04 16:41:48",1,"20.75"
225,"86","2015-01-04 16:41:48",1,"16.75"
225,"8","2015-01-04 16:41:48",1,"12.75"
226,"29","2015-01-04 16:59:39",1,"20.5"
227,"86","2015-01-04 17:24:39",1,"16.75"
227,"76","2015-01-04 17:24:39",1,"16"
228,"5","2015-01-04 17:31:24",1,"12.75"
229,"53","2015-01-04 17:37:57",1,"21"
229,"60","2015-01-04 17:37:57",1,"20.75"
229,"65","2015-01-04 17:37:57",1,"12.5"
230,"61","2015-01-04 17:58:38",1,"16.75"
231,"32","2015-01-04 18:04:18",1,"20.75"
231,"72","2015-01-04 18:04:18",1,"12"
231,"45","2015-01-04 18:04:18",1,"12.5"
232,"86","2015-01-04 18:21:59",1,"16.75"
232,"49","2015-01-04 18:21:59",1,"20.75"
233,"81","2015-01-04 18:26:51",1,"12"
234,"64","2015-01-04 18:36:09",1,"16.75"
234,"16","2015-01-04 18:36:09",1,"12.5"
234,"46","2015-01-04 18:36:09",1,"16"
235,"63","2015-01-04 18:51:30",1,"16.75"
236,"29","2015-01-04 19:21:04",1,"20.5"
236,"59","2015-01-04 19:21:04",1,"16"
237,"85","2015-01-04 19:27:48",1,"12"
238,"73","2015-01-04 19:45:15",1,"20.75"
239,"1","2015-01-04 19:57:52",1,"20.75"
239,"61","2015-01-04 19:57:52",1,"16.75"
240,"89","2015-01-04 20:10:24",1,"14.75"
241,"4","2015-01-04 20:11:25",1,"16.25"
241,"49","2015-01-04 20:11:25",1,"20.75"
242,"38","2015-01-04 20:15:29",1,"16.25"
242,"74","2015-01-04 20:15:29",1,"20.75"
242,"90","2015-01-04 20:15:29",1,"16"
243,"29","2015-01-04 20:26:17",1,"20.5"
243,"42","2015-01-04 20:26:17",1,"12.5"
244,"16","2015-01-04 20:26:22",1,"12.5"
244,"33","2015-01-04 20:26:22",1,"20.75"
245,"44","2015-01-04 20:28:41",1,"20.75"
245,"66","2015-01-04 20:28:41",1,"20.75"
246,"64","2015-01-04 20:30:48",1,"16.75"
246,"18","2015-01-04 20:30:48",1,"15.25"
247,"40","2015-01-04 20:55:29",1,"13.25"
247,"4","2015-01-04 20:55:29",1,"16.25"
247,"42","2015-01-04 20:55:29",1,"12.5"
248,"19","2015-01-04 20:58:19",1,"10.5"
248,"74","2015-01-04 20:58:19",1,"20.75"
249,"44","2015-01-04 21:06:16",1,"20.75"
249,"47","2015-01-04 21:06:16",1,"12.25"
250,"89","2015-01-04 21:07:05",1,"14.75"
251,"24","2015-01-04 21:10:05",1,"16"
252,"7","2015-01-04 22:13:15",1,"16.5"
253,"88","2015-01-04 22:16:18",1,"23.65"
254,"44","2015-01-04 22:22:13",1,"20.75"
254,"88","2015-01-04 22:22:13",1,"23.65"
254,"20","2015-01-04 22:22:13",1,"18.5"
255,"20","2015-01-05 11:23:35",1,"18.5"
255,"59","2015-01-05 11:23:35",1,"16"
255,"17","2015-01-05 11:23:35",1,"16.5"
255,"3","2015-01-05 11:23:35",1,"16"
256,"35","2015-01-05 11:56:06",1,"17.5"
257,"32","2015-01-05 11:59:04",1,"20.75"
257,"34","2015-01-05 11:59:04",1,"20.75"
258,"54","2015-01-05 11:59:23",1,"16"
259,"18","2015-01-05 12:04:25",1,"15.25"
260,"20","2015-01-05 12:06:27",1,"18.5"
260,"58","2015-01-05 12:06:27",1,"20.5"
261,"88","2015-01-05 12:38:29",1,"23.65"
262,"63","2015-01-05 12:42:01",1,"16.75"
263,"73","2015-01-05 12:57:22",1,"20.75"
264,"24","2015-01-05 13:03:59",1,"16"
265,"64","2015-01-05 13:04:42",1,"16.75"
265,"12","2015-01-05 13:04:42",1,"20.25"
265,"4","2015-01-05 13:04:42",1,"16.25"
265,"33","2015-01-05 13:04:42",1,"20.75"
266,"25","2015-01-05 13:09:29",1,"16.5"
267,"15","2015-01-05 13:37:50",1,"17.95"
267,"11","2015-01-05 13:37:50",1,"20.25"
267,"72","2015-01-05 13:37:50",1,"12"
268,"1","2015-01-05 13:40:46",1,"20.75"
268,"28","2015-01-05 13:40:46",1,"9.75"
269,"64","2015-01-05 13:49:34",1,"16.75"
270,"79","2015-01-05 14:09:02",1,"20.75"
270,"73","2015-01-05 14:09:02",1,"20.75"
270,"74","2015-01-05 14:09:02",1,"20.75"
271,"56","2015-01-05 14:22:19",1,"12"
271,"63","2015-01-05 14:22:19",2,"33.5"
271,"64","2015-01-05 14:22:19",2,"33.5"
271,"66","2015-01-05 14:22:19",2,"41.5"
271,"54","2015-01-05 14:22:19",1,"16"
271,"39","2015-01-05 14:22:19",1,"16.5"
271,"68","2015-01-05 14:22:19",1,"12.25"
271,"70","2015-01-05 14:22:19",1,"16.5"
271,"14","2015-01-05 14:22:19",1,"16.75"
271,"48","2015-01-05 14:22:19",1,"12"
272,"39","2015-01-05 14:24:05",1,"16.5"
273,"77","2015-01-05 14:28:00",1,"12.5"
274,"15","2015-01-05 14:36:33",1,"17.95"
274,"74","2015-01-05 14:36:33",1,"20.75"
275,"29","2015-01-05 14:38:14",1,"20.5"
275,"20","2015-01-05 14:38:14",1,"18.5"
275,"28","2015-01-05 14:38:14",1,"9.75"
275,"4","2015-01-05 14:38:14",1,"16.25"
276,"20","2015-01-05 15:18:18",1,"18.5"
276,"33","2015-01-05 15:18:18",1,"20.75"
277,"89","2015-01-05 15:41:50",1,"14.75"
278,"22","2015-01-05 15:49:21",1,"16.75"
3857,"69","2015-03-06 18:28:28",1,"12.5"
278,"79","2015-01-05 15:49:21",1,"20.75"
279,"63","2015-01-05 16:07:03",1,"16.75"
279,"64","2015-01-05 16:07:03",1,"16.75"
280,"7","2015-01-05 16:20:23",1,"16.5"
280,"90","2015-01-05 16:20:23",1,"16"
281,"68","2015-01-05 16:33:48",1,"12.25"
282,"37","2015-01-05 16:49:38",1,"12"
282,"20","2015-01-05 16:49:38",1,"18.5"
282,"51","2015-01-05 16:49:38",1,"20.75"
282,"73","2015-01-05 16:49:38",1,"20.75"
283,"46","2015-01-05 16:51:43",1,"16"
284,"89","2015-01-05 16:58:16",1,"14.75"
284,"19","2015-01-05 16:58:16",1,"10.5"
284,"46","2015-01-05 16:58:16",1,"16"
285,"60","2015-01-05 16:58:38",1,"20.75"
286,"39","2015-01-05 17:01:23",1,"16.5"
286,"51","2015-01-05 17:01:23",1,"20.75"
287,"39","2015-01-05 17:30:09",1,"16.5"
287,"52","2015-01-05 17:30:09",1,"14.5"
287,"69","2015-01-05 17:30:09",1,"12.5"
287,"68","2015-01-05 17:30:09",1,"12.25"
288,"88","2015-01-05 17:32:44",1,"23.65"
288,"60","2015-01-05 17:32:44",1,"20.75"
288,"49","2015-01-05 17:32:44",1,"20.75"
289,"20","2015-01-05 17:36:23",1,"18.5"
290,"37","2015-01-05 17:41:16",1,"12"
290,"90","2015-01-05 17:41:16",1,"16"
291,"44","2015-01-05 17:44:39",1,"20.75"
291,"64","2015-01-05 17:44:39",2,"33.5"
291,"89","2015-01-05 17:44:39",1,"14.75"
292,"13","2015-01-05 17:48:59",1,"16.5"
292,"23","2015-01-05 17:48:59",1,"20.25"
293,"37","2015-01-05 17:58:38",1,"12"
293,"5","2015-01-05 17:58:38",1,"12.75"
294,"86","2015-01-05 18:16:35",1,"16.75"
294,"1","2015-01-05 18:16:35",1,"20.75"
294,"74","2015-01-05 18:16:35",1,"20.75"
295,"63","2015-01-05 18:20:12",1,"16.75"
296,"85","2015-01-05 18:46:54",1,"12"
296,"6","2015-01-05 18:46:54",1,"12"
296,"61","2015-01-05 18:46:54",1,"16.75"
297,"14","2015-01-05 19:02:18",1,"16.75"
298,"63","2015-01-05 19:10:36",1,"16.75"
298,"50","2015-01-05 19:10:36",1,"12.75"
298,"64","2015-01-05 19:10:36",1,"16.75"
298,"37","2015-01-05 19:10:36",1,"12"
299,"37","2015-01-05 19:34:31",1,"12"
299,"3","2015-01-05 19:34:31",1,"16"
300,"56","2015-01-05 19:42:54",1,"12"
300,"6","2015-01-05 19:42:54",1,"12"
300,"5","2015-01-05 19:42:54",1,"12.75"
300,"42","2015-01-05 19:42:54",1,"12.5"
301,"84","2015-01-05 19:45:58",1,"20.5"
302,"51","2015-01-05 19:57:37",1,"20.75"
303,"56","2015-01-05 20:02:51",1,"12"
303,"10","2015-01-05 20:02:51",1,"16"
303,"28","2015-01-05 20:02:51",1,"9.75"
304,"19","2015-01-05 20:07:58",1,"10.5"
304,"12","2015-01-05 20:07:58",1,"20.25"
305,"18","2015-01-05 20:35:40",1,"15.25"
305,"68","2015-01-05 20:35:40",1,"12.25"
305,"41","2015-01-05 20:35:40",1,"16.5"
306,"56","2015-01-05 20:37:40",1,"12"
306,"19","2015-01-05 20:37:40",1,"10.5"
306,"46","2015-01-05 20:37:40",1,"16"
307,"29","2015-01-05 21:45:38",1,"20.5"
307,"61","2015-01-05 21:45:38",1,"16.75"
308,"17","2015-01-05 21:59:46",1,"16.5"
308,"35","2015-01-05 21:59:46",1,"17.5"
308,"27","2015-01-05 21:59:46",1,"12.75"
309,"20","2015-01-06 11:39:06",1,"18.5"
309,"25","2015-01-06 11:39:06",1,"16.5"
310,"19","2015-01-06 11:40:48",1,"10.5"
310,"27","2015-01-06 11:40:48",1,"12.75"
311,"75","2015-01-06 11:57:27",1,"20.25"
312,"56","2015-01-06 12:05:21",1,"12"
312,"88","2015-01-06 12:05:21",1,"23.65"
312,"64","2015-01-06 12:05:21",1,"16.75"
312,"4","2015-01-06 12:05:21",1,"16.25"
313,"54","2015-01-06 12:09:09",1,"16"
314,"38","2015-01-06 12:11:58",1,"16.25"
314,"20","2015-01-06 12:11:58",1,"18.5"
314,"59","2015-01-06 12:11:58",1,"16"
314,"40","2015-01-06 12:11:58",1,"13.25"
314,"90","2015-01-06 12:11:58",1,"16"
315,"54","2015-01-06 12:17:40",1,"16"
316,"19","2015-01-06 12:29:34",1,"10.5"
316,"39","2015-01-06 12:29:34",1,"16.5"
317,"50","2015-01-06 12:31:00",1,"12.75"
317,"54","2015-01-06 12:31:00",1,"16"
317,"15","2015-01-06 12:31:00",1,"17.95"
317,"19","2015-01-06 12:31:00",1,"10.5"
317,"35","2015-01-06 12:31:00",1,"17.5"
317,"45","2015-01-06 12:31:00",1,"12.5"
317,"81","2015-01-06 12:31:00",1,"12"
318,"36","2015-01-06 12:45:14",1,"20.5"
318,"12","2015-01-06 12:45:14",1,"20.25"
318,"77","2015-01-06 12:45:14",1,"12.5"
318,"33","2015-01-06 12:45:14",1,"20.75"
319,"39","2015-01-06 12:46:22",1,"16.5"
320,"63","2015-01-06 12:46:40",1,"16.75"
320,"66","2015-01-06 12:46:40",1,"20.75"
321,"1","2015-01-06 12:56:21",1,"20.75"
322,"32","2015-01-06 13:02:13",1,"20.75"
322,"66","2015-01-06 13:02:13",1,"20.75"
322,"37","2015-01-06 13:02:13",1,"12"
322,"74","2015-01-06 13:02:13",1,"20.75"
323,"54","2015-01-06 13:05:33",1,"16"
324,"20","2015-01-06 13:06:44",1,"18.5"
325,"37","2015-01-06 13:07:32",1,"12"
325,"67","2015-01-06 13:07:32",1,"12"
326,"63","2015-01-06 13:10:13",1,"16.75"
326,"49","2015-01-06 13:10:13",1,"20.75"
327,"54","2015-01-06 13:10:54",1,"16"
328,"11","2015-01-06 13:16:35",1,"20.25"
329,"33","2015-01-06 13:22:44",1,"20.75"
329,"57","2015-01-06 13:22:44",1,"16.5"
330,"56","2015-01-06 13:27:11",1,"12"
330,"64","2015-01-06 13:27:11",1,"16.75"
330,"54","2015-01-06 13:27:11",1,"16"
330,"37","2015-01-06 13:27:11",1,"12"
330,"20","2015-01-06 13:27:11",1,"18.5"
330,"15","2015-01-06 13:27:11",2,"35.9"
330,"17","2015-01-06 13:27:11",1,"16.5"
330,"35","2015-01-06 13:27:11",1,"17.5"
330,"62","2015-01-06 13:27:11",1,"12.5"
330,"75","2015-01-06 13:27:11",1,"20.25"
330,"33","2015-01-06 13:27:11",1,"20.75"
330,"41","2015-01-06 13:27:11",1,"16.5"
330,"23","2015-01-06 13:27:11",1,"20.25"
330,"76","2015-01-06 13:27:11",1,"16"
331,"7","2015-01-06 13:43:30",1,"16.5"
332,"4","2015-01-06 14:12:01",1,"16.25"
332,"79","2015-01-06 14:12:01",1,"20.75"
332,"61","2015-01-06 14:12:01",1,"16.75"
333,"64","2015-01-06 14:16:36",1,"16.75"
334,"26","2015-01-06 14:24:18",1,"20.25"
334,"69","2015-01-06 14:24:18",1,"12.5"
334,"14","2015-01-06 14:24:18",1,"16.75"
334,"74","2015-01-06 14:24:18",1,"20.75"
335,"11","2015-01-06 14:24:47",1,"20.25"
336,"60","2015-01-06 14:51:41",1,"20.75"
337,"17","2015-01-06 15:03:12",1,"16.5"
337,"18","2015-01-06 15:03:12",1,"15.25"
338,"12","2015-01-06 15:18:26",1,"20.25"
338,"74","2015-01-06 15:18:26",1,"20.75"
338,"55","2015-01-06 15:18:26",1,"25.5"
339,"41","2015-01-06 15:25:13",1,"16.5"
340,"62","2015-01-06 15:35:32",1,"12.5"
341,"86","2015-01-06 15:35:47",1,"16.75"
341,"28","2015-01-06 15:35:47",1,"9.75"
342,"75","2015-01-06 15:44:12",1,"20.25"
342,"79","2015-01-06 15:44:12",1,"20.75"
343,"20","2015-01-06 15:45:37",1,"18.5"
343,"89","2015-01-06 15:45:37",1,"14.75"
344,"10","2015-01-06 16:01:11",1,"16"
345,"62","2015-01-06 16:01:47",1,"12.5"
345,"81","2015-01-06 16:01:47",1,"12"
346,"85","2015-01-06 16:30:00",1,"12"
346,"19","2015-01-06 16:30:00",1,"10.5"
346,"36","2015-01-06 16:30:00",1,"20.5"
346,"72","2015-01-06 16:30:00",1,"12"
347,"23","2015-01-06 16:37:17",1,"20.25"
347,"74","2015-01-06 16:37:17",1,"20.75"
347,"90","2015-01-06 16:37:17",1,"16"
348,"54","2015-01-06 16:49:12",1,"16"
348,"74","2015-01-06 16:49:12",1,"20.75"
348,"27","2015-01-06 16:49:12",1,"12.75"
349,"18","2015-01-06 17:25:58",1,"15.25"
350,"29","2015-01-06 17:37:05",1,"20.5"
350,"69","2015-01-06 17:37:05",2,"25"
3858,"40","2015-03-06 18:42:52",2,"26.5"
350,"9","2015-01-06 17:37:05",1,"12.5"
351,"56","2015-01-06 17:37:29",1,"12"
351,"40","2015-01-06 17:37:29",1,"13.25"
352,"56","2015-01-06 17:45:48",1,"12"
352,"36","2015-01-06 17:45:48",1,"20.5"
353,"44","2015-01-06 17:59:48",1,"20.75"
353,"32","2015-01-06 17:59:48",1,"20.75"
353,"45","2015-01-06 17:59:48",1,"12.5"
354,"85","2015-01-06 18:01:44",1,"12"
354,"82","2015-01-06 18:01:44",1,"20.25"
355,"64","2015-01-06 18:14:45",1,"16.75"
355,"39","2015-01-06 18:14:45",1,"16.5"
356,"64","2015-01-06 18:16:05",1,"16.75"
357,"32","2015-01-06 18:27:58",1,"20.75"
357,"8","2015-01-06 18:27:58",1,"12.75"
357,"81","2015-01-06 18:27:58",1,"12"
358,"39","2015-01-06 18:30:12",1,"16.5"
359,"59","2015-01-06 18:33:08",1,"16"
359,"74","2015-01-06 18:33:08",1,"20.75"
360,"44","2015-01-06 18:50:38",1,"20.75"
360,"85","2015-01-06 18:50:38",1,"12"
360,"19","2015-01-06 18:50:38",1,"10.5"
361,"56","2015-01-06 19:12:38",2,"24"
361,"6","2015-01-06 19:12:38",1,"12"
362,"86","2015-01-06 19:13:36",1,"16.75"
362,"12","2015-01-06 19:13:36",1,"20.25"
363,"11","2015-01-06 19:20:31",1,"20.25"
363,"12","2015-01-06 19:20:31",1,"20.25"
364,"39","2015-01-06 19:27:24",1,"16.5"
364,"55","2015-01-06 19:27:24",1,"25.5"
365,"89","2015-01-06 19:37:26",1,"14.75"
365,"11","2015-01-06 19:37:26",1,"20.25"
365,"69","2015-01-06 19:37:26",1,"12.5"
366,"36","2015-01-06 20:04:20",1,"20.5"
367,"17","2015-01-06 20:05:12",1,"16.5"
367,"3","2015-01-06 20:05:12",1,"16"
368,"13","2015-01-06 20:28:16",1,"16.5"
368,"74","2015-01-06 20:28:16",1,"20.75"
369,"3","2015-01-06 20:30:06",1,"16"
370,"15","2015-01-06 21:02:30",1,"17.95"
370,"19","2015-01-06 21:02:30",1,"10.5"
371,"69","2015-01-06 21:15:20",1,"12.5"
372,"81","2015-01-06 22:26:59",1,"12"
373,"54","2015-01-07 11:45:18",1,"16"
373,"75","2015-01-07 11:45:18",1,"20.25"
374,"56","2015-01-07 11:55:59",1,"12"
374,"64","2015-01-07 11:55:59",1,"16.75"
374,"62","2015-01-07 11:55:59",1,"12.5"
375,"24","2015-01-07 11:58:36",1,"16"
376,"55","2015-01-07 12:01:17",1,"25.5"
376,"82","2015-01-07 12:01:17",1,"20.25"
377,"40","2015-01-07 12:03:18",1,"13.25"
377,"74","2015-01-07 12:03:18",1,"20.75"
378,"5","2015-01-07 12:19:37",1,"12.75"
379,"74","2015-01-07 12:25:37",1,"20.75"
380,"38","2015-01-07 12:32:10",1,"16.25"
380,"63","2015-01-07 12:32:10",1,"16.75"
381,"14","2015-01-07 12:33:06",1,"16.75"
382,"27","2015-01-07 12:33:07",1,"12.75"
382,"90","2015-01-07 12:33:07",1,"16"
383,"41","2015-01-07 12:43:59",1,"16.5"
384,"19","2015-01-07 12:51:46",1,"10.5"
384,"10","2015-01-07 12:51:46",1,"16"
384,"71","2015-01-07 12:51:46",1,"16"
384,"48","2015-01-07 12:51:46",1,"12"
385,"82","2015-01-07 12:54:19",1,"20.25"
386,"5","2015-01-07 12:58:16",1,"12.75"
386,"70","2015-01-07 12:58:16",1,"16.5"
386,"61","2015-01-07 12:58:16",1,"16.75"
387,"31","2015-01-07 13:03:14",1,"12.75"
387,"56","2015-01-07 13:03:14",1,"12"
387,"43","2015-01-07 13:03:14",1,"16.75"
387,"20","2015-01-07 13:03:14",1,"18.5"
387,"28","2015-01-07 13:03:14",1,"9.75"
387,"33","2015-01-07 13:03:14",1,"20.75"
387,"81","2015-01-07 13:03:14",1,"12"
388,"31","2015-01-07 13:04:56",1,"12.75"
388,"64","2015-01-07 13:04:56",1,"16.75"
388,"71","2015-01-07 13:04:56",1,"16"
388,"67","2015-01-07 13:04:56",1,"12"
389,"73","2015-01-07 13:10:17",1,"20.75"
390,"35","2015-01-07 13:15:32",1,"17.5"
391,"76","2015-01-07 13:25:31",1,"16"
392,"56","2015-01-07 13:36:47",1,"12"
392,"47","2015-01-07 13:36:47",1,"12.25"
392,"32","2015-01-07 13:36:47",1,"20.75"
392,"28","2015-01-07 13:36:47",2,"19.5"
392,"60","2015-01-07 13:36:47",1,"20.75"
392,"75","2015-01-07 13:36:47",1,"20.25"
392,"30","2015-01-07 13:36:47",1,"20.75"
392,"33","2015-01-07 13:36:47",1,"20.75"
393,"85","2015-01-07 13:48:31",1,"12"
393,"17","2015-01-07 13:48:31",1,"16.5"
394,"56","2015-01-07 14:02:18",1,"12"
394,"83","2015-01-07 14:02:18",1,"12.75"
394,"17","2015-01-07 14:02:18",1,"16.5"
394,"19","2015-01-07 14:02:18",1,"10.5"
394,"35","2015-01-07 14:02:18",1,"17.5"
394,"69","2015-01-07 14:02:18",3,"37.5"
394,"28","2015-01-07 14:02:18",1,"9.75"
394,"75","2015-01-07 14:02:18",1,"20.25"
394,"33","2015-01-07 14:02:18",1,"20.75"
394,"65","2015-01-07 14:02:18",1,"12.5"
394,"74","2015-01-07 14:02:18",1,"20.75"
394,"67","2015-01-07 14:02:18",1,"12"
395,"46","2015-01-07 14:11:08",1,"16"
396,"81","2015-01-07 14:12:21",1,"12"
397,"20","2015-01-07 14:31:10",2,"37"
397,"17","2015-01-07 14:31:10",1,"16.5"
397,"69","2015-01-07 14:31:10",1,"12.5"
398,"28","2015-01-07 14:56:26",1,"9.75"
399,"86","2015-01-07 15:47:49",1,"16.75"
399,"32","2015-01-07 15:47:49",1,"20.75"
399,"89","2015-01-07 15:47:49",1,"14.75"
399,"76","2015-01-07 15:47:49",1,"16"
400,"69","2015-01-07 16:03:07",1,"12.5"
400,"74","2015-01-07 16:03:07",1,"20.75"
401,"90","2015-01-07 16:08:35",1,"16"
402,"15","2015-01-07 16:24:46",1,"17.95"
402,"39","2015-01-07 16:24:46",1,"16.5"
403,"31","2015-01-07 16:26:10",1,"12.75"
403,"29","2015-01-07 16:26:10",1,"20.5"
403,"45","2015-01-07 16:26:10",1,"12.5"
404,"66","2015-01-07 16:39:27",1,"20.75"
405,"75","2015-01-07 16:44:16",1,"20.25"
406,"64","2015-01-07 16:50:49",1,"16.75"
406,"54","2015-01-07 16:50:49",1,"16"
406,"5","2015-01-07 16:50:49",1,"12.75"
407,"63","2015-01-07 16:56:42",1,"16.75"
407,"29","2015-01-07 16:56:42",1,"20.5"
407,"69","2015-01-07 16:56:42",1,"12.5"
408,"88","2015-01-07 17:09:09",1,"23.65"
408,"25","2015-01-07 17:09:09",1,"16.5"
409,"18","2015-01-07 17:15:04",1,"15.25"
410,"56","2015-01-07 17:33:49",2,"24"
410,"71","2015-01-07 17:33:49",1,"16"
410,"55","2015-01-07 17:33:49",1,"25.5"
411,"39","2015-01-07 17:58:09",1,"16.5"
411,"79","2015-01-07 17:58:09",1,"20.75"
412,"88","2015-01-07 18:07:46",1,"23.65"
412,"57","2015-01-07 18:07:46",1,"16.5"
413,"48","2015-01-07 18:11:32",1,"12"
414,"37","2015-01-07 18:13:22",1,"12"
414,"20","2015-01-07 18:13:22",1,"18.5"
414,"39","2015-01-07 18:13:22",1,"16.5"
415,"50","2015-01-07 18:16:23",1,"12.75"
416,"23","2015-01-07 18:17:42",1,"20.25"
417,"28","2015-01-07 18:24:40",1,"9.75"
418,"43","2015-01-07 18:40:11",1,"16.75"
418,"4","2015-01-07 18:40:11",1,"16.25"
419,"44","2015-01-07 19:02:31",1,"20.75"
419,"17","2015-01-07 19:02:31",1,"16.5"
419,"22","2015-01-07 19:02:31",1,"16.75"
419,"67","2015-01-07 19:02:31",1,"12"
420,"20","2015-01-07 19:04:40",1,"18.5"
420,"91","2015-01-07 19:04:40",1,"11"
421,"44","2015-01-07 19:21:58",1,"20.75"
421,"26","2015-01-07 19:21:58",1,"20.25"
421,"83","2015-01-07 19:21:58",1,"12.75"
422,"15","2015-01-07 19:30:25",1,"17.95"
422,"39","2015-01-07 19:30:25",1,"16.5"
422,"3","2015-01-07 19:30:25",1,"16"
423,"1","2015-01-07 19:45:07",1,"20.75"
423,"68","2015-01-07 19:45:07",1,"12.25"
424,"69","2015-01-07 20:01:28",1,"12.5"
425,"70","2015-01-07 20:21:19",1,"16.5"
426,"54","2015-01-07 20:25:45",1,"16"
426,"68","2015-01-07 20:25:45",1,"12.25"
426,"70","2015-01-07 20:25:45",1,"16.5"
427,"23","2015-01-07 21:49:00",1,"20.25"
428,"26","2015-01-07 22:05:00",1,"20.25"
428,"6","2015-01-07 22:05:00",1,"12"
429,"41","2015-01-07 22:16:53",1,"16.5"
430,"59","2015-01-07 22:46:13",1,"16"
430,"68","2015-01-07 22:46:13",1,"12.25"
431,"56","2015-01-08 11:17:13",1,"12"
431,"78","2015-01-08 11:17:13",1,"12.75"
431,"15","2015-01-08 11:17:13",1,"17.95"
431,"17","2015-01-08 11:17:13",1,"16.5"
432,"6","2015-01-08 11:39:07",1,"12"
432,"74","2015-01-08 11:39:07",1,"20.75"
432,"67","2015-01-08 11:39:07",1,"12"
433,"33","2015-01-08 11:49:50",1,"20.75"
434,"46","2015-01-08 11:54:14",1,"16"
434,"33","2015-01-08 11:54:14",1,"20.75"
434,"82","2015-01-08 11:54:14",1,"20.25"
435,"54","2015-01-08 12:06:09",1,"16"
435,"52","2015-01-08 12:06:09",1,"14.5"
435,"42","2015-01-08 12:06:09",1,"12.5"
436,"29","2015-01-08 12:07:21",1,"20.5"
436,"39","2015-01-08 12:07:21",1,"16.5"
436,"91","2015-01-08 12:07:21",1,"11"
436,"62","2015-01-08 12:07:21",1,"12.5"
437,"86","2015-01-08 12:07:54",1,"16.75"
438,"90","2015-01-08 12:08:38",1,"16"
439,"64","2015-01-08 12:13:08",1,"16.75"
439,"69","2015-01-08 12:13:08",1,"12.5"
439,"48","2015-01-08 12:13:08",1,"12"
440,"38","2015-01-08 12:16:34",1,"16.25"
440,"64","2015-01-08 12:16:34",1,"16.75"
440,"20","2015-01-08 12:16:34",1,"18.5"
440,"15","2015-01-08 12:16:34",1,"17.95"
440,"89","2015-01-08 12:16:34",1,"14.75"
440,"21","2015-01-08 12:16:34",1,"20.25"
440,"59","2015-01-08 12:16:34",1,"16"
440,"17","2015-01-08 12:16:34",1,"16.5"
440,"53","2015-01-08 12:16:34",1,"21"
440,"18","2015-01-08 12:16:34",1,"15.25"
440,"33","2015-01-08 12:16:34",1,"20.75"
440,"81","2015-01-08 12:16:34",1,"12"
440,"74","2015-01-08 12:16:34",1,"20.75"
440,"90","2015-01-08 12:16:34",1,"16"
441,"33","2015-01-08 12:16:58",1,"20.75"
441,"74","2015-01-08 12:16:58",1,"20.75"
9806,"40","2015-06-13 21:13:12",1,"13.25"
442,"51","2015-01-08 12:28:49",1,"20.75"
443,"56","2015-01-08 12:34:20",1,"12"
443,"63","2015-01-08 12:34:20",2,"33.5"
443,"15","2015-01-08 12:34:20",1,"17.95"
443,"10","2015-01-08 12:34:20",1,"16"
443,"22","2015-01-08 12:34:20",1,"16.75"
443,"12","2015-01-08 12:34:20",1,"20.25"
443,"18","2015-01-08 12:34:20",1,"15.25"
443,"75","2015-01-08 12:34:20",1,"20.25"
443,"4","2015-01-08 12:34:20",1,"16.25"
443,"14","2015-01-08 12:34:20",1,"16.75"
443,"33","2015-01-08 12:34:20",1,"20.75"
443,"9","2015-01-08 12:34:20",1,"12.5"
443,"57","2015-01-08 12:34:20",1,"16.5"
443,"61","2015-01-08 12:34:20",1,"16.75"
444,"89","2015-01-08 12:40:05",1,"14.75"
445,"17","2015-01-08 12:57:39",1,"16.5"
446,"56","2015-01-08 12:58:01",1,"12"
446,"22","2015-01-08 12:58:01",1,"16.75"
446,"75","2015-01-08 12:58:01",1,"20.25"
447,"20","2015-01-08 13:02:00",1,"18.5"
448,"19","2015-01-08 13:03:34",1,"10.5"
448,"52","2015-01-08 13:03:34",1,"14.5"
448,"4","2015-01-08 13:03:34",1,"16.25"
449,"74","2015-01-08 13:04:15",1,"20.75"
450,"56","2015-01-08 13:07:53",1,"12"
451,"20","2015-01-08 13:19:06",1,"18.5"
451,"10","2015-01-08 13:19:06",1,"16"
451,"79","2015-01-08 13:19:06",1,"20.75"
452,"86","2015-01-08 13:24:11",1,"16.75"
452,"56","2015-01-08 13:24:11",1,"12"
452,"4","2015-01-08 13:24:11",1,"16.25"
453,"50","2015-01-08 13:27:14",1,"12.75"
453,"15","2015-01-08 13:27:14",1,"17.95"
453,"4","2015-01-08 13:27:14",1,"16.25"
453,"74","2015-01-08 13:27:14",1,"20.75"
454,"41","2015-01-08 13:31:40",1,"16.5"
455,"1","2015-01-08 13:39:14",1,"20.75"
456,"23","2015-01-08 13:47:53",1,"20.25"
457,"32","2015-01-08 13:59:04",1,"20.75"
457,"64","2015-01-08 13:59:04",1,"16.75"
457,"54","2015-01-08 13:59:04",1,"16"
458,"7","2015-01-08 14:00:05",1,"16.5"
458,"57","2015-01-08 14:00:05",1,"16.5"
458,"48","2015-01-08 14:00:05",1,"12"
459,"33","2015-01-08 14:14:02",1,"20.75"
460,"85","2015-01-08 14:19:58",1,"12"
460,"39","2015-01-08 14:19:58",1,"16.5"
461,"63","2015-01-08 14:21:19",1,"16.75"
461,"19","2015-01-08 14:21:19",1,"10.5"
462,"81","2015-01-08 14:38:41",1,"12"
463,"44","2015-01-08 14:40:28",1,"20.75"
463,"7","2015-01-08 14:40:28",1,"16.5"
464,"44","2015-01-08 14:49:01",1,"20.75"
464,"38","2015-01-08 14:49:01",1,"16.25"
465,"72","2015-01-08 14:55:23",1,"12"
466,"23","2015-01-08 15:30:10",1,"20.25"
466,"55","2015-01-08 15:30:10",1,"25.5"
467,"45","2015-01-08 15:33:13",1,"12.5"
468,"15","2015-01-08 15:36:12",1,"17.95"
468,"18","2015-01-08 15:36:12",1,"15.25"
469,"86","2015-01-08 15:37:18",1,"16.75"
469,"68","2015-01-08 15:37:18",1,"12.25"
470,"67","2015-01-08 15:49:13",1,"12"
471,"5","2015-01-08 16:20:26",1,"12.75"
472,"53","2015-01-08 16:29:50",1,"21"
472,"22","2015-01-08 16:29:50",1,"16.75"
473,"17","2015-01-08 16:41:27",1,"16.5"
473,"7","2015-01-08 16:41:27",1,"16.5"
473,"14","2015-01-08 16:41:27",1,"16.75"
474,"85","2015-01-08 16:47:48",1,"12"
474,"28","2015-01-08 16:47:48",1,"9.75"
475,"56","2015-01-08 17:15:17",1,"12"
475,"74","2015-01-08 17:15:17",1,"20.75"
476,"69","2015-01-08 17:27:56",1,"12.5"
476,"60","2015-01-08 17:27:56",1,"20.75"
476,"90","2015-01-08 17:27:56",1,"16"
477,"59","2015-01-08 17:30:04",1,"16"
477,"24","2015-01-08 17:30:04",1,"16"
478,"38","2015-01-08 17:35:56",1,"16.25"
478,"64","2015-01-08 17:35:56",1,"16.75"
479,"20","2015-01-08 17:37:03",1,"18.5"
479,"36","2015-01-08 17:37:03",2,"41"
480,"69","2015-01-08 17:41:31",1,"12.5"
481,"28","2015-01-08 17:41:37",1,"9.75"
481,"81","2015-01-08 17:41:37",1,"12"
482,"21","2015-01-08 17:52:42",1,"20.25"
482,"39","2015-01-08 17:52:42",1,"16.5"
482,"9","2015-01-08 17:52:42",1,"12.5"
483,"44","2015-01-08 17:54:05",1,"20.75"
483,"72","2015-01-08 17:54:05",1,"12"
483,"91","2015-01-08 17:54:05",1,"11"
483,"41","2015-01-08 17:54:05",1,"16.5"
484,"15","2015-01-08 18:02:54",1,"17.95"
484,"12","2015-01-08 18:02:54",1,"20.25"
485,"63","2015-01-08 18:07:31",1,"16.75"
486,"42","2015-01-08 18:15:08",1,"12.5"
487,"19","2015-01-08 18:30:16",1,"10.5"
487,"75","2015-01-08 18:30:16",1,"20.25"
487,"23","2015-01-08 18:30:16",1,"20.25"
488,"90","2015-01-08 18:46:02",1,"16"
489,"51","2015-01-08 18:48:43",1,"20.75"
490,"56","2015-01-08 18:49:24",1,"12"
490,"54","2015-01-08 18:49:24",1,"16"
490,"46","2015-01-08 18:49:24",1,"16"
491,"72","2015-01-08 19:01:12",1,"12"
491,"18","2015-01-08 19:01:12",1,"15.25"
491,"51","2015-01-08 19:01:12",1,"20.75"
491,"7","2015-01-08 19:01:12",1,"16.5"
492,"66","2015-01-08 19:06:21",1,"20.75"
492,"4","2015-01-08 19:06:21",1,"16.25"
492,"3","2015-01-08 19:06:21",1,"16"
493,"1","2015-01-08 19:31:47",1,"20.75"
494,"20","2015-01-08 19:38:40",1,"18.5"
494,"15","2015-01-08 19:38:40",1,"17.95"
494,"12","2015-01-08 19:38:40",1,"20.25"
494,"79","2015-01-08 19:38:40",1,"20.75"
495,"39","2015-01-08 19:42:52",1,"16.5"
495,"75","2015-01-08 19:42:52",1,"20.25"
496,"17","2015-01-08 19:46:18",1,"16.5"
496,"77","2015-01-08 19:46:18",1,"12.5"
497,"67","2015-01-08 19:49:26",1,"12"
498,"39","2015-01-08 20:02:25",1,"16.5"
499,"47","2015-01-08 21:10:46",1,"12.25"
499,"15","2015-01-08 21:10:46",1,"17.95"
499,"24","2015-01-08 21:10:46",1,"16"
499,"52","2015-01-08 21:10:46",1,"14.5"
500,"71","2015-01-08 21:46:49",1,"16"
501,"50","2015-01-08 21:51:31",1,"12.75"
501,"19","2015-01-08 21:51:31",1,"10.5"
501,"79","2015-01-08 21:51:31",1,"20.75"
502,"22","2015-01-08 22:26:08",1,"16.75"
503,"18","2015-01-09 11:16:21",1,"15.25"
503,"4","2015-01-09 11:16:21",1,"16.25"
504,"58","2015-01-09 11:48:18",1,"20.5"
505,"69","2015-01-09 11:55:10",1,"12.5"
505,"55","2015-01-09 11:55:10",1,"25.5"
506,"3","2015-01-09 12:02:09",1,"16"
507,"83","2015-01-09 12:06:03",1,"12.75"
508,"63","2015-01-09 12:13:32",1,"16.75"
508,"50","2015-01-09 12:13:32",1,"12.75"
508,"69","2015-01-09 12:13:32",1,"12.5"
509,"33","2015-01-09 12:13:58",1,"20.75"
510,"54","2015-01-09 12:15:03",1,"16"
510,"37","2015-01-09 12:15:03",1,"12"
510,"1","2015-01-09 12:15:03",1,"20.75"
510,"33","2015-01-09 12:15:03",1,"20.75"
511,"20","2015-01-09 12:18:21",1,"18.5"
512,"22","2015-01-09 12:19:24",1,"16.75"
513,"15","2015-01-09 12:22:48",1,"17.95"
513,"22","2015-01-09 12:22:48",1,"16.75"
513,"18","2015-01-09 12:22:48",1,"15.25"
513,"74","2015-01-09 12:22:48",1,"20.75"
514,"37","2015-01-09 12:26:47",1,"12"
515,"66","2015-01-09 13:07:37",1,"20.75"
515,"11","2015-01-09 13:07:37",1,"20.25"
516,"84","2015-01-09 13:09:09",1,"20.5"
516,"82","2015-01-09 13:09:09",1,"20.25"
517,"24","2015-01-09 13:09:11",1,"16"
518,"56","2015-01-09 13:11:25",1,"12"
518,"60","2015-01-09 13:11:25",1,"20.75"
518,"68","2015-01-09 13:11:25",1,"12.25"
519,"45","2015-01-09 13:15:20",1,"12.5"
520,"73","2015-01-09 13:22:33",1,"20.75"
521,"27","2015-01-09 13:43:07",1,"12.75"
522,"31","2015-01-09 14:09:33",1,"12.75"
522,"56","2015-01-09 14:09:33",1,"12"
522,"37","2015-01-09 14:09:33",1,"12"
522,"20","2015-01-09 14:09:33",1,"18.5"
754,"52","2015-01-13 15:47:56",1,"14.5"
522,"15","2015-01-09 14:09:33",2,"35.9"
522,"85","2015-01-09 14:09:33",1,"12"
522,"10","2015-01-09 14:09:33",2,"32"
522,"53","2015-01-09 14:09:33",1,"21"
522,"75","2015-01-09 14:09:33",1,"20.25"
522,"58","2015-01-09 14:09:33",1,"20.5"
522,"76","2015-01-09 14:09:33",1,"16"
523,"7","2015-01-09 14:42:14",1,"16.5"
524,"68","2015-01-09 14:51:35",1,"12.25"
524,"61","2015-01-09 14:51:35",1,"16.75"
525,"18","2015-01-09 15:08:46",1,"15.25"
526,"32","2015-01-09 15:10:13",1,"20.75"
526,"20","2015-01-09 15:10:13",1,"18.5"
527,"15","2015-01-09 15:23:37",1,"17.95"
527,"79","2015-01-09 15:23:37",1,"20.75"
528,"10","2015-01-09 15:27:21",1,"16"
529,"38","2015-01-09 15:31:01",1,"16.25"
529,"63","2015-01-09 15:31:01",2,"33.5"
529,"19","2015-01-09 15:31:01",1,"10.5"
530,"29","2015-01-09 15:43:01",1,"20.5"
530,"39","2015-01-09 15:43:01",1,"16.5"
531,"25","2015-01-09 15:58:10",2,"33"
532,"51","2015-01-09 16:14:28",1,"20.75"
532,"77","2015-01-09 16:14:28",1,"12.5"
533,"20","2015-01-09 16:28:43",1,"18.5"
533,"33","2015-01-09 16:28:43",1,"20.75"
533,"55","2015-01-09 16:28:43",1,"25.5"
534,"60","2015-01-09 16:43:32",1,"20.75"
534,"79","2015-01-09 16:43:32",1,"20.75"
535,"54","2015-01-09 17:08:47",1,"16"
536,"88","2015-01-09 17:18:50",1,"23.65"
536,"51","2015-01-09 17:18:50",1,"20.75"
537,"37","2015-01-09 17:23:52",1,"12"
537,"19","2015-01-09 17:23:52",1,"10.5"
537,"1","2015-01-09 17:23:52",1,"20.75"
538,"49","2015-01-09 17:44:04",1,"20.75"
539,"20","2015-01-09 17:51:34",1,"18.5"
539,"53","2015-01-09 17:51:34",1,"21"
539,"3","2015-01-09 17:51:34",1,"16"
540,"49","2015-01-09 17:52:41",1,"20.75"
541,"56","2015-01-09 18:07:47",1,"12"
542,"44","2015-01-09 18:08:06",1,"20.75"
542,"7","2015-01-09 18:08:06",1,"16.5"
543,"66","2015-01-09 18:23:59",1,"20.75"
543,"54","2015-01-09 18:23:59",1,"16"
543,"71","2015-01-09 18:23:59",1,"16"
544,"46","2015-01-09 18:31:04",1,"16"
544,"4","2015-01-09 18:31:04",1,"16.25"
545,"18","2015-01-09 18:46:28",1,"15.25"
545,"28","2015-01-09 18:46:28",1,"9.75"
545,"51","2015-01-09 18:46:28",1,"20.75"
545,"30","2015-01-09 18:46:28",1,"20.75"
546,"85","2015-01-09 18:47:27",1,"12"
547,"56","2015-01-09 18:49:23",1,"12"
548,"17","2015-01-09 19:06:09",1,"16.5"
549,"56","2015-01-09 19:06:34",1,"12"
549,"74","2015-01-09 19:06:34",1,"20.75"
550,"3","2015-01-09 19:12:59",1,"16"
550,"76","2015-01-09 19:12:59",1,"16"
551,"15","2015-01-09 19:26:24",1,"17.95"
551,"70","2015-01-09 19:26:24",1,"16.5"
551,"74","2015-01-09 19:26:24",1,"20.75"
551,"76","2015-01-09 19:26:24",1,"16"
552,"64","2015-01-09 19:31:25",1,"16.75"
552,"85","2015-01-09 19:31:25",1,"12"
552,"1","2015-01-09 19:31:25",1,"20.75"
553,"12","2015-01-09 20:14:47",1,"20.25"
554,"64","2015-01-09 20:15:51",1,"16.75"
554,"85","2015-01-09 20:15:51",1,"12"
555,"31","2015-01-09 20:18:25",1,"12.75"
555,"19","2015-01-09 20:18:25",1,"10.5"
556,"15","2015-01-09 20:23:12",1,"17.95"
556,"55","2015-01-09 20:23:12",1,"25.5"
557,"68","2015-01-09 20:30:06",1,"12.25"
557,"9","2015-01-09 20:30:06",1,"12.5"
558,"40","2015-01-09 20:51:10",1,"13.25"
559,"37","2015-01-09 21:10:16",1,"12"
560,"59","2015-01-09 21:13:48",1,"16"
560,"41","2015-01-09 21:13:48",1,"16.5"
561,"42","2015-01-09 21:47:56",1,"12.5"
562,"64","2015-01-09 22:04:05",1,"16.75"
563,"12","2015-01-09 22:19:03",1,"20.25"
563,"67","2015-01-09 22:19:03",1,"12"
564,"87","2015-01-09 22:32:32",1,"12"
564,"69","2015-01-09 22:32:32",1,"12.5"
564,"49","2015-01-09 22:32:32",1,"20.75"
565,"5","2015-01-10 12:11:19",1,"12.75"
566,"49","2015-01-10 12:21:19",1,"20.75"
567,"44","2015-01-10 12:27:47",1,"20.75"
567,"20","2015-01-10 12:27:47",2,"37"
567,"89","2015-01-10 12:27:47",1,"14.75"
567,"69","2015-01-10 12:27:47",1,"12.5"
567,"4","2015-01-10 12:27:47",1,"16.25"
567,"68","2015-01-10 12:27:47",1,"12.25"
567,"30","2015-01-10 12:27:47",1,"20.75"
567,"33","2015-01-10 12:27:47",1,"20.75"
567,"57","2015-01-10 12:27:47",1,"16.5"
567,"27","2015-01-10 12:27:47",1,"12.75"
568,"12","2015-01-10 12:28:53",1,"20.25"
569,"31","2015-01-10 12:37:10",1,"12.75"
569,"64","2015-01-10 12:37:10",1,"16.75"
569,"37","2015-01-10 12:37:10",1,"12"
570,"59","2015-01-10 13:13:59",1,"16"
570,"79","2015-01-10 13:13:59",1,"20.75"
571,"56","2015-01-10 13:14:47",1,"12"
572,"14","2015-01-10 13:15:32",1,"16.75"
573,"54","2015-01-10 13:39:33",1,"16"
573,"20","2015-01-10 13:39:33",1,"18.5"
574,"22","2015-01-10 13:40:54",1,"16.75"
575,"29","2015-01-10 13:41:04",1,"20.5"
575,"84","2015-01-10 13:41:04",1,"20.5"
575,"18","2015-01-10 13:41:04",1,"15.25"
575,"3","2015-01-10 13:41:04",1,"16"
576,"56","2015-01-10 13:44:22",1,"12"
576,"64","2015-01-10 13:44:22",1,"16.75"
576,"81","2015-01-10 13:44:22",1,"12"
577,"3","2015-01-10 13:45:00",1,"16"
577,"82","2015-01-10 13:45:00",1,"20.25"
578,"31","2015-01-10 13:48:49",1,"12.75"
578,"38","2015-01-10 13:48:49",1,"16.25"
578,"18","2015-01-10 13:48:49",1,"15.25"
578,"25","2015-01-10 13:48:49",1,"16.5"
578,"55","2015-01-10 13:48:49",1,"25.5"
579,"85","2015-01-10 13:51:19",1,"12"
580,"40","2015-01-10 13:56:01",1,"13.25"
580,"14","2015-01-10 13:56:01",1,"16.75"
581,"12","2015-01-10 14:13:01",1,"20.25"
582,"11","2015-01-10 14:24:14",1,"20.25"
583,"1","2015-01-10 14:33:19",1,"20.75"
584,"68","2015-01-10 15:05:29",1,"12.25"
584,"77","2015-01-10 15:05:29",1,"12.5"
585,"88","2015-01-10 15:58:42",1,"23.65"
585,"12","2015-01-10 15:58:42",1,"20.25"
586,"10","2015-01-10 16:09:57",1,"16"
586,"14","2015-01-10 16:09:57",1,"16.75"
587,"51","2015-01-10 16:32:36",1,"20.75"
587,"62","2015-01-10 16:32:36",1,"12.5"
588,"50","2015-01-10 16:33:36",1,"12.75"
589,"16","2015-01-10 17:12:39",1,"12.5"
589,"71","2015-01-10 17:12:39",1,"16"
589,"67","2015-01-10 17:12:39",1,"12"
590,"20","2015-01-10 17:23:39",1,"18.5"
591,"15","2015-01-10 17:32:54",1,"17.95"
591,"8","2015-01-10 17:32:54",1,"12.75"
591,"73","2015-01-10 17:32:54",1,"20.75"
592,"5","2015-01-10 17:41:55",1,"12.75"
592,"52","2015-01-10 17:41:55",1,"14.5"
592,"74","2015-01-10 17:41:55",1,"20.75"
593,"32","2015-01-10 17:48:57",1,"20.75"
593,"33","2015-01-10 17:48:57",1,"20.75"
594,"26","2015-01-10 17:50:19",1,"20.25"
595,"29","2015-01-10 18:12:28",1,"20.5"
595,"7","2015-01-10 18:12:28",1,"16.5"
596,"91","2015-01-10 18:24:07",1,"11"
596,"77","2015-01-10 18:24:07",1,"12.5"
597,"32","2015-01-10 18:32:36",1,"20.75"
597,"7","2015-01-10 18:32:36",1,"16.5"
597,"41","2015-01-10 18:32:36",1,"16.5"
598,"60","2015-01-10 18:34:14",1,"20.75"
599,"51","2015-01-10 18:34:27",1,"20.75"
600,"37","2015-01-10 18:53:52",1,"12"
600,"15","2015-01-10 18:53:52",1,"17.95"
600,"71","2015-01-10 18:53:52",1,"16"
600,"24","2015-01-10 18:53:52",1,"16"
601,"44","2015-01-10 18:58:19",1,"20.75"
601,"37","2015-01-10 18:58:19",1,"12"
601,"13","2015-01-10 18:58:19",1,"16.5"
602,"51","2015-01-10 19:02:27",1,"20.75"
603,"24","2015-01-10 19:03:11",1,"16"
604,"77","2015-01-10 19:13:29",1,"12.5"
604,"57","2015-01-10 19:13:29",1,"16.5"
605,"69","2015-01-10 19:23:51",1,"12.5"
605,"55","2015-01-10 19:23:51",1,"25.5"
606,"18","2015-01-10 19:27:18",1,"15.25"
607,"86","2015-01-10 19:36:16",1,"16.75"
607,"39","2015-01-10 19:36:16",1,"16.5"
607,"49","2015-01-10 19:36:16",1,"20.75"
608,"17","2015-01-10 19:36:33",1,"16.5"
608,"69","2015-01-10 19:36:33",1,"12.5"
608,"74","2015-01-10 19:36:33",1,"20.75"
608,"27","2015-01-10 19:36:33",1,"12.75"
609,"15","2015-01-10 19:39:32",1,"17.95"
610,"56","2015-01-10 19:51:02",1,"12"
610,"18","2015-01-10 19:51:02",1,"15.25"
611,"20","2015-01-10 19:58:10",1,"18.5"
611,"2","2015-01-10 19:58:10",1,"12"
611,"14","2015-01-10 19:58:10",1,"16.75"
611,"55","2015-01-10 19:58:10",1,"25.5"
612,"56","2015-01-10 19:58:15",1,"12"
612,"1","2015-01-10 19:58:15",1,"20.75"
612,"12","2015-01-10 19:58:15",1,"20.25"
612,"77","2015-01-10 19:58:15",1,"12.5"
613,"72","2015-01-10 20:10:44",1,"12"
614,"51","2015-01-10 20:12:33",1,"20.75"
615,"32","2015-01-10 20:14:03",1,"20.75"
615,"52","2015-01-10 20:14:03",1,"14.5"
616,"60","2015-01-10 20:20:10",1,"20.75"
616,"90","2015-01-10 20:20:10",1,"16"
617,"66","2015-01-10 20:27:26",1,"20.75"
617,"14","2015-01-10 20:27:26",1,"16.75"
618,"7","2015-01-10 20:31:14",1,"16.5"
618,"13","2015-01-10 20:31:14",1,"16.5"
619,"36","2015-01-10 20:41:58",1,"20.5"
620,"44","2015-01-10 20:45:45",1,"20.75"
620,"63","2015-01-10 20:45:45",1,"16.75"
620,"25","2015-01-10 20:45:45",1,"16.5"
620,"48","2015-01-10 20:45:45",1,"12"
621,"38","2015-01-10 20:49:29",1,"16.25"
621,"15","2015-01-10 20:49:29",1,"17.95"
621,"12","2015-01-10 20:49:29",1,"20.25"
621,"33","2015-01-10 20:49:29",1,"20.75"
622,"39","2015-01-10 20:57:41",1,"16.5"
622,"33","2015-01-10 20:57:41",1,"20.75"
623,"32","2015-01-10 21:21:21",1,"20.75"
623,"17","2015-01-10 21:21:21",1,"16.5"
624,"63","2015-01-10 21:22:44",1,"16.75"
624,"90","2015-01-10 21:22:44",1,"16"
625,"23","2015-01-10 21:50:23",1,"20.25"
625,"57","2015-01-10 21:50:23",1,"16.5"
626,"54","2015-01-10 21:55:12",1,"16"
626,"89","2015-01-10 21:55:12",1,"14.75"
627,"58","2015-01-10 22:18:35",1,"20.5"
627,"76","2015-01-10 22:18:35",1,"16"
628,"29","2015-01-10 22:47:17",1,"20.5"
628,"5","2015-01-10 22:47:17",1,"12.75"
628,"48","2015-01-10 22:47:17",1,"12"
628,"67","2015-01-10 22:47:17",1,"12"
629,"38","2015-01-10 22:48:39",1,"16.25"
629,"20","2015-01-10 22:48:39",1,"18.5"
629,"52","2015-01-10 22:48:39",1,"14.5"
629,"73","2015-01-10 22:48:39",1,"20.75"
630,"68","2015-01-11 11:42:08",1,"12.25"
631,"18","2015-01-11 11:44:36",1,"15.25"
632,"37","2015-01-11 11:44:52",1,"12"
633,"11","2015-01-11 11:51:45",1,"20.25"
633,"18","2015-01-11 11:51:45",1,"15.25"
633,"51","2015-01-11 11:51:45",1,"20.75"
634,"18","2015-01-11 12:14:15",1,"15.25"
635,"26","2015-01-11 12:18:31",1,"20.25"
635,"50","2015-01-11 12:18:31",2,"25.5"
635,"19","2015-01-11 12:18:31",1,"10.5"
635,"12","2015-01-11 12:18:31",1,"20.25"
635,"69","2015-01-11 12:18:31",1,"12.5"
635,"28","2015-01-11 12:18:31",1,"9.75"
635,"62","2015-01-11 12:18:31",1,"12.5"
635,"68","2015-01-11 12:18:31",1,"12.25"
635,"23","2015-01-11 12:18:31",1,"20.25"
635,"81","2015-01-11 12:18:31",1,"12"
636,"54","2015-01-11 12:34:44",1,"16"
637,"58","2015-01-11 12:44:10",1,"20.5"
637,"90","2015-01-11 12:44:10",1,"16"
638,"12","2015-01-11 12:49:26",1,"20.25"
639,"52","2015-01-11 13:23:21",1,"14.5"
640,"50","2015-01-11 13:28:08",1,"12.75"
640,"66","2015-01-11 13:28:08",1,"20.75"
640,"72","2015-01-11 13:28:08",1,"12"
641,"69","2015-01-11 13:37:46",1,"12.5"
641,"79","2015-01-11 13:37:46",1,"20.75"
641,"13","2015-01-11 13:37:46",1,"16.5"
641,"81","2015-01-11 13:37:46",1,"12"
642,"38","2015-01-11 13:40:00",1,"16.25"
642,"32","2015-01-11 13:40:00",1,"20.75"
642,"1","2015-01-11 13:40:00",1,"20.75"
642,"30","2015-01-11 13:40:00",1,"20.75"
643,"3","2015-01-11 13:43:19",1,"16"
644,"1","2015-01-11 13:52:52",1,"20.75"
644,"25","2015-01-11 13:52:52",1,"16.5"
645,"86","2015-01-11 14:03:45",1,"16.75"
645,"56","2015-01-11 14:03:45",1,"12"
646,"19","2015-01-11 14:07:26",1,"10.5"
646,"74","2015-01-11 14:07:26",1,"20.75"
647,"19","2015-01-11 14:07:35",1,"10.5"
648,"15","2015-01-11 14:17:17",1,"17.95"
648,"69","2015-01-11 14:17:17",1,"12.5"
649,"50","2015-01-11 14:29:23",1,"12.75"
649,"69","2015-01-11 14:29:23",1,"12.5"
649,"25","2015-01-11 14:29:23",1,"16.5"
649,"68","2015-01-11 14:29:23",1,"12.25"
650,"69","2015-01-11 14:34:05",1,"12.5"
651,"31","2015-01-11 14:49:35",1,"12.75"
651,"38","2015-01-11 14:49:35",1,"16.25"
651,"69","2015-01-11 14:49:35",1,"12.5"
652,"56","2015-01-11 16:03:38",1,"12"
652,"64","2015-01-11 16:03:38",1,"16.75"
652,"83","2015-01-11 16:03:38",1,"12.75"
652,"45","2015-01-11 16:03:38",1,"12.5"
653,"27","2015-01-11 16:18:23",1,"12.75"
654,"12","2015-01-11 16:34:07",1,"20.25"
654,"75","2015-01-11 16:34:07",1,"20.25"
654,"13","2015-01-11 16:34:07",1,"16.5"
655,"39","2015-01-11 16:43:33",1,"16.5"
656,"74","2015-01-11 16:44:49",1,"20.75"
656,"82","2015-01-11 16:44:49",1,"20.25"
657,"86","2015-01-11 16:45:47",1,"16.75"
657,"54","2015-01-11 16:45:47",1,"16"
658,"46","2015-01-11 16:55:24",1,"16"
658,"62","2015-01-11 16:55:24",1,"12.5"
658,"90","2015-01-11 16:55:24",1,"16"
659,"39","2015-01-11 16:56:39",1,"16.5"
659,"75","2015-01-11 16:56:39",1,"20.25"
660,"31","2015-01-11 17:09:36",1,"12.75"
660,"39","2015-01-11 17:09:36",1,"16.5"
661,"72","2015-01-11 17:18:14",1,"12"
662,"44","2015-01-11 17:21:49",1,"20.75"
662,"45","2015-01-11 17:21:49",1,"12.5"
663,"15","2015-01-11 17:29:14",1,"17.95"
664,"38","2015-01-11 17:35:14",1,"16.25"
664,"1","2015-01-11 17:35:14",1,"20.75"
664,"18","2015-01-11 17:35:14",1,"15.25"
665,"86","2015-01-11 17:42:23",1,"16.75"
665,"87","2015-01-11 17:42:23",1,"12"
666,"17","2015-01-11 17:42:25",1,"16.5"
667,"56","2015-01-11 18:13:08",1,"12"
667,"28","2015-01-11 18:13:08",1,"9.75"
668,"39","2015-01-11 18:13:12",1,"16.5"
668,"12","2015-01-11 18:13:12",1,"20.25"
668,"51","2015-01-11 18:13:12",1,"20.75"
668,"41","2015-01-11 18:13:12",1,"16.5"
669,"36","2015-01-11 18:40:44",1,"20.5"
669,"12","2015-01-11 18:40:44",1,"20.25"
670,"6","2015-01-11 18:46:25",1,"12"
670,"70","2015-01-11 18:46:25",1,"16.5"
671,"83","2015-01-11 19:18:42",1,"12.75"
672,"59","2015-01-11 19:18:46",1,"16"
672,"33","2015-01-11 19:18:46",1,"20.75"
673,"30","2015-01-11 19:28:13",1,"20.75"
673,"61","2015-01-11 19:28:13",1,"16.75"
674,"43","2015-01-11 19:33:05",1,"16.75"
674,"12","2015-01-11 19:33:05",1,"20.25"
674,"45","2015-01-11 19:33:05",1,"12.5"
674,"3","2015-01-11 19:33:05",1,"16"
675,"84","2015-01-11 19:33:19",1,"20.5"
676,"12","2015-01-11 19:44:57",1,"20.25"
676,"90","2015-01-11 19:44:57",1,"16"
677,"51","2015-01-11 19:51:09",1,"20.75"
678,"2","2015-01-11 19:52:49",1,"12"
678,"46","2015-01-11 19:52:49",1,"16"
678,"41","2015-01-11 19:52:49",2,"33"
679,"88","2015-01-11 20:31:02",1,"23.65"
679,"89","2015-01-11 20:31:02",1,"14.75"
679,"1","2015-01-11 20:31:02",1,"20.75"
679,"11","2015-01-11 20:31:02",1,"20.25"
680,"83","2015-01-11 21:07:30",1,"12.75"
680,"4","2015-01-11 21:07:30",1,"16.25"
681,"51","2015-01-11 21:29:50",1,"20.75"
682,"1","2015-01-12 11:38:15",1,"20.75"
683,"66","2015-01-12 11:39:08",1,"20.75"
683,"5","2015-01-12 11:39:08",1,"12.75"
683,"25","2015-01-12 11:39:08",1,"16.5"
684,"15","2015-01-12 12:01:23",1,"17.95"
685,"30","2015-01-12 12:11:46",1,"20.75"
686,"56","2015-01-12 12:13:07",1,"12"
687,"22","2015-01-12 12:21:09",1,"16.75"
688,"33","2015-01-12 12:26:41",1,"20.75"
688,"57","2015-01-12 12:26:41",1,"16.5"
689,"74","2015-01-12 12:33:22",1,"20.75"
689,"61","2015-01-12 12:33:22",1,"16.75"
690,"69","2015-01-12 12:42:10",1,"12.5"
691,"44","2015-01-12 12:45:53",1,"20.75"
692,"63","2015-01-12 12:53:37",1,"16.75"
692,"22","2015-01-12 12:53:37",1,"16.75"
693,"44","2015-01-12 13:04:24",1,"20.75"
693,"56","2015-01-12 13:04:24",1,"12"
693,"59","2015-01-12 13:04:24",1,"16"
693,"6","2015-01-12 13:04:24",1,"12"
694,"53","2015-01-12 13:30:47",1,"21"
694,"52","2015-01-12 13:30:47",1,"14.5"
694,"18","2015-01-12 13:30:47",1,"15.25"
695,"8","2015-01-12 13:33:06",1,"12.75"
696,"7","2015-01-12 13:49:40",1,"16.5"
696,"9","2015-01-12 13:49:40",1,"12.5"
697,"54","2015-01-12 13:58:56",1,"16"
697,"65","2015-01-12 13:58:56",1,"12.5"
698,"56","2015-01-12 14:08:16",1,"12"
698,"35","2015-01-12 14:08:16",1,"17.5"
698,"74","2015-01-12 14:08:16",1,"20.75"
699,"28","2015-01-12 14:27:03",1,"9.75"
700,"88","2015-01-12 14:31:13",1,"23.65"
700,"83","2015-01-12 14:31:13",1,"12.75"
700,"36","2015-01-12 14:31:13",1,"20.5"
700,"62","2015-01-12 14:31:13",1,"12.5"
700,"68","2015-01-12 14:31:13",1,"12.25"
701,"19","2015-01-12 14:33:39",1,"10.5"
701,"45","2015-01-12 14:33:39",1,"12.5"
702,"31","2015-01-12 14:38:35",1,"12.75"
702,"68","2015-01-12 14:38:35",1,"12.25"
703,"62","2015-01-12 15:08:01",1,"12.5"
704,"38","2015-01-12 15:28:25",1,"16.25"
704,"11","2015-01-12 15:28:25",1,"20.25"
705,"85","2015-01-12 15:31:00",1,"12"
705,"39","2015-01-12 15:31:00",1,"16.5"
705,"14","2015-01-12 15:31:00",1,"16.75"
706,"50","2015-01-12 15:39:04",1,"12.75"
706,"84","2015-01-12 15:39:04",1,"20.5"
707,"86","2015-01-12 15:41:32",1,"16.75"
707,"51","2015-01-12 15:41:32",1,"20.75"
707,"79","2015-01-12 15:41:32",1,"20.75"
708,"15","2015-01-12 15:52:44",1,"17.95"
709,"31","2015-01-12 15:53:56",1,"12.75"
710,"17","2015-01-12 15:59:52",1,"16.5"
710,"79","2015-01-12 15:59:52",1,"20.75"
710,"48","2015-01-12 15:59:52",1,"12"
710,"55","2015-01-12 15:59:52",1,"25.5"
711,"64","2015-01-12 16:21:10",1,"16.75"
711,"12","2015-01-12 16:21:10",1,"20.25"
711,"52","2015-01-12 16:21:10",1,"14.5"
711,"75","2015-01-12 16:21:10",1,"20.25"
712,"53","2015-01-12 16:22:18",1,"21"
713,"20","2015-01-12 16:31:56",1,"18.5"
713,"87","2015-01-12 16:31:56",1,"12"
714,"54","2015-01-12 16:55:08",1,"16"
714,"17","2015-01-12 16:55:08",1,"16.5"
714,"19","2015-01-12 16:55:08",1,"10.5"
714,"36","2015-01-12 16:55:08",1,"20.5"
715,"69","2015-01-12 17:05:33",1,"12.5"
715,"25","2015-01-12 17:05:33",1,"16.5"
715,"3","2015-01-12 17:05:33",1,"16"
716,"56","2015-01-12 17:06:05",1,"12"
717,"86","2015-01-12 17:24:44",1,"16.75"
717,"79","2015-01-12 17:24:44",1,"20.75"
718,"63","2015-01-12 17:46:30",1,"16.75"
718,"79","2015-01-12 17:46:30",1,"20.75"
719,"44","2015-01-12 17:52:27",1,"20.75"
719,"2","2015-01-12 17:52:27",1,"12"
720,"59","2015-01-12 17:53:59",1,"16"
720,"84","2015-01-12 17:53:59",1,"20.5"
720,"52","2015-01-12 17:53:59",1,"14.5"
720,"4","2015-01-12 17:53:59",1,"16.25"
721,"37","2015-01-12 18:17:15",1,"12"
721,"33","2015-01-12 18:17:15",1,"20.75"
722,"84","2015-01-12 18:20:58",1,"20.5"
722,"65","2015-01-12 18:20:58",1,"12.5"
723,"44","2015-01-12 18:21:04",1,"20.75"
723,"28","2015-01-12 18:21:04",1,"9.75"
724,"56","2015-01-12 18:24:47",1,"12"
724,"59","2015-01-12 18:24:47",1,"16"
724,"79","2015-01-12 18:24:47",2,"41.5"
725,"56","2015-01-12 18:33:14",1,"12"
725,"2","2015-01-12 18:33:14",1,"12"
725,"74","2015-01-12 18:33:14",1,"20.75"
725,"55","2015-01-12 18:33:14",1,"25.5"
726,"68","2015-01-12 18:34:25",1,"12.25"
727,"68","2015-01-12 18:44:57",1,"12.25"
728,"14","2015-01-12 18:53:17",1,"16.75"
728,"27","2015-01-12 18:53:17",1,"12.75"
728,"76","2015-01-12 18:53:17",1,"16"
729,"54","2015-01-12 19:20:41",1,"16"
729,"17","2015-01-12 19:20:41",1,"16.5"
729,"68","2015-01-12 19:20:41",1,"12.25"
730,"39","2015-01-12 19:22:00",1,"16.5"
731,"4","2015-01-12 19:27:47",1,"16.25"
731,"67","2015-01-12 19:27:47",1,"12"
732,"23","2015-01-12 19:30:17",1,"20.25"
733,"50","2015-01-12 19:57:36",1,"12.75"
733,"36","2015-01-12 19:57:36",1,"20.5"
733,"28","2015-01-12 19:57:36",1,"9.75"
733,"74","2015-01-12 19:57:36",1,"20.75"
734,"28","2015-01-12 20:00:30",1,"9.75"
735,"83","2015-01-12 20:35:34",1,"12.75"
735,"52","2015-01-12 20:35:34",1,"14.5"
735,"91","2015-01-12 20:35:34",1,"11"
736,"20","2015-01-12 21:35:14",1,"18.5"
736,"67","2015-01-12 21:35:14",1,"12"
737,"86","2015-01-13 11:31:34",1,"16.75"
737,"61","2015-01-13 11:31:34",1,"16.75"
738,"14","2015-01-13 12:16:47",1,"16.75"
739,"56","2015-01-13 12:19:38",1,"12"
740,"63","2015-01-13 12:29:51",1,"16.75"
740,"66","2015-01-13 12:29:51",1,"20.75"
740,"20","2015-01-13 12:29:51",2,"37"
740,"15","2015-01-13 12:29:51",1,"17.95"
740,"36","2015-01-13 12:29:51",2,"41"
740,"39","2015-01-13 12:29:51",1,"16.5"
740,"84","2015-01-13 12:29:51",1,"20.5"
740,"7","2015-01-13 12:29:51",1,"16.5"
740,"75","2015-01-13 12:29:51",1,"20.25"
740,"23","2015-01-13 12:29:51",1,"20.25"
740,"3","2015-01-13 12:29:51",1,"16"
740,"81","2015-01-13 12:29:51",1,"12"
740,"55","2015-01-13 12:29:51",1,"25.5"
741,"46","2015-01-13 12:49:09",1,"16"
742,"44","2015-01-13 12:53:01",1,"20.75"
743,"84","2015-01-13 13:08:32",1,"20.5"
744,"25","2015-01-13 13:34:48",1,"16.5"
745,"44","2015-01-13 13:36:53",1,"20.75"
745,"63","2015-01-13 13:36:53",1,"16.75"
745,"54","2015-01-13 13:36:53",1,"16"
745,"89","2015-01-13 13:36:53",1,"14.75"
745,"71","2015-01-13 13:36:53",1,"16"
745,"84","2015-01-13 13:36:53",1,"20.5"
745,"76","2015-01-13 13:36:53",1,"16"
746,"33","2015-01-13 13:41:13",1,"20.75"
746,"90","2015-01-13 13:41:13",1,"16"
747,"12","2015-01-13 14:15:02",1,"20.25"
747,"68","2015-01-13 14:15:02",1,"12.25"
747,"33","2015-01-13 14:15:02",1,"20.75"
748,"20","2015-01-13 14:27:31",1,"18.5"
749,"69","2015-01-13 14:29:23",1,"12.5"
750,"52","2015-01-13 14:48:09",1,"14.5"
751,"26","2015-01-13 15:07:35",1,"20.25"
751,"19","2015-01-13 15:07:35",1,"10.5"
751,"72","2015-01-13 15:07:35",1,"12"
751,"90","2015-01-13 15:07:35",1,"16"
752,"19","2015-01-13 15:19:25",1,"10.5"
752,"77","2015-01-13 15:19:25",1,"12.5"
753,"85","2015-01-13 15:22:11",1,"12"
753,"19","2015-01-13 15:22:11",1,"10.5"
753,"39","2015-01-13 15:22:11",1,"16.5"
753,"60","2015-01-13 15:22:11",1,"20.75"
754,"79","2015-01-13 15:47:56",1,"20.75"
755,"86","2015-01-13 15:50:49",1,"16.75"
755,"89","2015-01-13 15:50:49",1,"14.75"
756,"83","2015-01-13 15:55:11",1,"12.75"
756,"13","2015-01-13 15:55:11",1,"16.5"
756,"67","2015-01-13 15:55:11",1,"12"
757,"84","2015-01-13 16:10:34",1,"20.5"
757,"69","2015-01-13 16:10:34",1,"12.5"
757,"33","2015-01-13 16:10:34",1,"20.75"
757,"90","2015-01-13 16:10:34",1,"16"
758,"89","2015-01-13 16:14:43",1,"14.75"
758,"45","2015-01-13 16:14:43",1,"12.5"
759,"26","2015-01-13 16:14:56",1,"20.25"
760,"50","2015-01-13 16:27:40",1,"12.75"
761,"68","2015-01-13 16:30:20",1,"12.25"
761,"70","2015-01-13 16:30:20",1,"16.5"
762,"36","2015-01-13 16:36:36",1,"20.5"
762,"30","2015-01-13 16:36:36",1,"20.75"
762,"74","2015-01-13 16:36:36",1,"20.75"
762,"55","2015-01-13 16:36:36",1,"25.5"
763,"54","2015-01-13 16:38:57",1,"16"
764,"39","2015-01-13 16:39:39",1,"16.5"
764,"55","2015-01-13 16:39:39",1,"25.5"
765,"50","2015-01-13 17:11:41",1,"12.75"
765,"36","2015-01-13 17:11:41",1,"20.5"
765,"62","2015-01-13 17:11:41",1,"12.5"
765,"68","2015-01-13 17:11:41",1,"12.25"
766,"5","2015-01-13 17:21:45",1,"12.75"
766,"24","2015-01-13 17:21:45",1,"16"
766,"79","2015-01-13 17:21:45",1,"20.75"
767,"29","2015-01-13 17:21:48",1,"20.5"
768,"88","2015-01-13 17:23:34",1,"23.65"
769,"89","2015-01-13 17:43:17",1,"14.75"
770,"51","2015-01-13 17:44:13",1,"20.75"
770,"68","2015-01-13 17:44:13",1,"12.25"
771,"63","2015-01-13 17:59:32",1,"16.75"
771,"68","2015-01-13 17:59:32",1,"12.25"
772,"22","2015-01-13 18:07:59",1,"16.75"
773,"54","2015-01-13 18:18:15",1,"16"
773,"35","2015-01-13 18:18:15",1,"17.5"
774,"66","2015-01-13 18:31:07",1,"20.75"
774,"81","2015-01-13 18:31:07",1,"12"
775,"44","2015-01-13 18:42:12",1,"20.75"
775,"20","2015-01-13 18:42:12",1,"18.5"
775,"91","2015-01-13 18:42:12",1,"11"
775,"7","2015-01-13 18:42:12",1,"16.5"
776,"81","2015-01-13 18:50:43",1,"12"
776,"74","2015-01-13 18:50:43",2,"41.5"
777,"44","2015-01-13 19:10:20",1,"20.75"
777,"76","2015-01-13 19:10:20",1,"16"
778,"89","2015-01-13 19:18:08",1,"14.75"
778,"39","2015-01-13 19:18:08",1,"16.5"
778,"7","2015-01-13 19:18:08",1,"16.5"
778,"14","2015-01-13 19:18:08",1,"16.75"
779,"54","2015-01-13 19:19:58",1,"16"
779,"10","2015-01-13 19:19:58",1,"16"
779,"1","2015-01-13 19:19:58",1,"20.75"
779,"39","2015-01-13 19:19:58",1,"16.5"
780,"56","2015-01-13 20:12:49",1,"12"
780,"36","2015-01-13 20:12:49",1,"20.5"
781,"36","2015-01-13 20:31:17",1,"20.5"
781,"79","2015-01-13 20:31:17",1,"20.75"
781,"14","2015-01-13 20:31:17",1,"16.75"
781,"82","2015-01-13 20:31:17",1,"20.25"
782,"26","2015-01-13 20:36:27",1,"20.25"
782,"74","2015-01-13 20:36:27",1,"20.75"
783,"3","2015-01-13 21:17:08",1,"16"
783,"74","2015-01-13 21:17:08",1,"20.75"
783,"90","2015-01-13 21:17:08",1,"16"
784,"46","2015-01-13 21:39:41",1,"16"
785,"17","2015-01-14 11:28:44",1,"16.5"
785,"79","2015-01-14 11:28:44",1,"20.75"
786,"20","2015-01-14 11:35:30",1,"18.5"
787,"63","2015-01-14 11:45:30",1,"16.75"
787,"33","2015-01-14 11:45:30",1,"20.75"
788,"68","2015-01-14 11:46:19",1,"12.25"
789,"23","2015-01-14 11:51:37",1,"20.25"
790,"20","2015-01-14 12:07:30",1,"18.5"
790,"49","2015-01-14 12:07:30",1,"20.75"
791,"28","2015-01-14 12:23:54",1,"9.75"
791,"61","2015-01-14 12:23:54",1,"16.75"
792,"64","2015-01-14 12:37:48",1,"16.75"
1500,"54","2015-01-26 11:52:57",1,"16"
792,"15","2015-01-14 12:37:48",1,"17.95"
792,"22","2015-01-14 12:37:48",1,"16.75"
792,"12","2015-01-14 12:37:48",1,"20.25"
792,"45","2015-01-14 12:37:48",1,"12.5"
792,"73","2015-01-14 12:37:48",2,"41.5"
792,"90","2015-01-14 12:37:48",1,"16"
793,"60","2015-01-14 12:38:27",1,"20.75"
794,"46","2015-01-14 12:39:16",1,"16"
795,"20","2015-01-14 12:42:17",1,"18.5"
796,"24","2015-01-14 12:43:09",1,"16"
797,"25","2015-01-14 12:50:01",1,"16.5"
797,"7","2015-01-14 12:50:01",1,"16.5"
797,"90","2015-01-14 12:50:01",1,"16"
798,"20","2015-01-14 12:50:30",1,"18.5"
798,"85","2015-01-14 12:50:30",1,"12"
798,"77","2015-01-14 12:50:30",1,"12.5"
798,"3","2015-01-14 12:50:30",1,"16"
799,"39","2015-01-14 12:51:29",1,"16.5"
799,"91","2015-01-14 12:51:29",1,"11"
799,"61","2015-01-14 12:51:29",1,"16.75"
800,"26","2015-01-14 12:54:35",2,"40.5"
800,"19","2015-01-14 12:54:35",1,"10.5"
800,"5","2015-01-14 12:54:35",1,"12.75"
800,"72","2015-01-14 12:54:35",1,"12"
800,"8","2015-01-14 12:54:35",2,"25.5"
800,"33","2015-01-14 12:54:35",1,"20.75"
801,"86","2015-01-14 13:10:53",1,"16.75"
801,"29","2015-01-14 13:10:53",1,"20.5"
801,"37","2015-01-14 13:10:53",1,"12"
801,"39","2015-01-14 13:10:53",1,"16.5"
801,"84","2015-01-14 13:10:53",1,"20.5"
801,"75","2015-01-14 13:10:53",1,"20.25"
801,"68","2015-01-14 13:10:53",2,"24.5"
801,"79","2015-01-14 13:10:53",1,"20.75"
801,"8","2015-01-14 13:10:53",1,"12.75"
801,"73","2015-01-14 13:10:53",1,"20.75"
801,"49","2015-01-14 13:10:53",1,"20.75"
801,"74","2015-01-14 13:10:53",1,"20.75"
802,"78","2015-01-14 13:23:47",1,"12.75"
802,"19","2015-01-14 13:23:47",1,"10.5"
803,"39","2015-01-14 13:37:51",1,"16.5"
804,"45","2015-01-14 13:42:01",1,"12.5"
805,"56","2015-01-14 14:07:52",1,"12"
805,"89","2015-01-14 14:07:52",1,"14.75"
806,"44","2015-01-14 14:12:22",1,"20.75"
807,"56","2015-01-14 14:15:29",1,"12"
808,"51","2015-01-14 14:15:32",2,"41.5"
809,"19","2015-01-14 14:26:17",1,"10.5"
810,"22","2015-01-14 14:48:30",1,"16.75"
811,"90","2015-01-14 14:48:56",1,"16"
812,"47","2015-01-14 15:37:45",1,"12.25"
812,"52","2015-01-14 15:37:45",1,"14.5"
813,"50","2015-01-14 16:09:29",1,"12.75"
813,"79","2015-01-14 16:09:29",1,"20.75"
814,"37","2015-01-14 16:21:23",1,"12"
814,"82","2015-01-14 16:21:23",1,"20.25"
815,"84","2015-01-14 16:38:00",1,"20.5"
816,"79","2015-01-14 17:04:08",1,"20.75"
816,"82","2015-01-14 17:04:08",1,"20.25"
817,"37","2015-01-14 17:10:38",1,"12"
817,"69","2015-01-14 17:10:38",1,"12.5"
817,"79","2015-01-14 17:10:38",1,"20.75"
817,"74","2015-01-14 17:10:38",1,"20.75"
818,"91","2015-01-14 17:15:50",1,"11"
818,"75","2015-01-14 17:15:50",1,"20.25"
818,"68","2015-01-14 17:15:50",1,"12.25"
819,"86","2015-01-14 17:21:39",1,"16.75"
819,"68","2015-01-14 17:21:39",1,"12.25"
820,"79","2015-01-14 17:24:09",1,"20.75"
820,"49","2015-01-14 17:24:09",1,"20.75"
821,"20","2015-01-14 17:37:26",1,"18.5"
822,"55","2015-01-14 17:38:53",1,"25.5"
823,"86","2015-01-14 17:42:17",1,"16.75"
823,"63","2015-01-14 17:42:17",1,"16.75"
823,"58","2015-01-14 17:42:17",1,"20.5"
824,"32","2015-01-14 17:53:41",1,"20.75"
824,"29","2015-01-14 17:53:41",1,"20.5"
824,"16","2015-01-14 17:53:41",1,"12.5"
824,"75","2015-01-14 17:53:41",1,"20.25"
825,"20","2015-01-14 18:06:06",1,"18.5"
825,"68","2015-01-14 18:06:06",1,"12.25"
826,"66","2015-01-14 18:06:14",1,"20.75"
826,"1","2015-01-14 18:06:14",1,"20.75"
826,"18","2015-01-14 18:06:14",1,"15.25"
827,"64","2015-01-14 18:09:48",1,"16.75"
827,"84","2015-01-14 18:09:48",1,"20.5"
828,"66","2015-01-14 18:23:55",1,"20.75"
828,"51","2015-01-14 18:23:55",1,"20.75"
829,"46","2015-01-14 18:27:42",1,"16"
829,"25","2015-01-14 18:27:42",1,"16.5"
829,"9","2015-01-14 18:27:42",1,"12.5"
829,"42","2015-01-14 18:27:42",1,"12.5"
830,"40","2015-01-14 18:38:17",1,"13.25"
830,"39","2015-01-14 18:38:17",1,"16.5"
830,"69","2015-01-14 18:38:17",1,"12.5"
831,"26","2015-01-14 18:38:20",1,"20.25"
831,"66","2015-01-14 18:38:20",1,"20.75"
831,"43","2015-01-14 18:38:20",1,"16.75"
831,"54","2015-01-14 18:38:20",1,"16"
832,"17","2015-01-14 18:47:06",1,"16.5"
833,"56","2015-01-14 19:07:45",1,"12"
833,"72","2015-01-14 19:07:45",1,"12"
834,"66","2015-01-14 19:25:16",1,"20.75"
834,"28","2015-01-14 19:25:16",1,"9.75"
834,"45","2015-01-14 19:25:16",1,"12.5"
834,"23","2015-01-14 19:25:16",1,"20.25"
835,"44","2015-01-14 19:56:01",1,"20.75"
835,"31","2015-01-14 19:56:01",1,"12.75"
835,"69","2015-01-14 19:56:01",1,"12.5"
835,"79","2015-01-14 19:56:01",1,"20.75"
836,"20","2015-01-14 20:08:08",1,"18.5"
836,"15","2015-01-14 20:08:08",1,"17.95"
836,"19","2015-01-14 20:08:08",1,"10.5"
836,"55","2015-01-14 20:08:08",1,"25.5"
837,"39","2015-01-14 20:12:27",1,"16.5"
838,"64","2015-01-14 20:33:57",1,"16.75"
838,"39","2015-01-14 20:33:57",1,"16.5"
838,"90","2015-01-14 20:33:57",1,"16"
839,"12","2015-01-14 20:40:40",2,"40.5"
840,"1","2015-01-14 20:46:12",1,"20.75"
841,"51","2015-01-14 20:57:40",1,"20.75"
842,"65","2015-01-14 21:09:39",1,"12.5"
842,"3","2015-01-14 21:09:39",1,"16"
842,"42","2015-01-14 21:09:39",1,"12.5"
843,"57","2015-01-14 21:32:21",1,"16.5"
844,"90","2015-01-14 21:36:58",1,"16"
845,"29","2015-01-14 21:42:56",1,"20.5"
845,"20","2015-01-14 21:42:56",1,"18.5"
845,"39","2015-01-14 21:42:56",1,"16.5"
845,"79","2015-01-14 21:42:56",1,"20.75"
846,"32","2015-01-14 22:16:24",1,"20.75"
846,"20","2015-01-14 22:16:24",1,"18.5"
847,"69","2015-01-15 11:37:03",1,"12.5"
848,"56","2015-01-15 11:56:46",1,"12"
849,"54","2015-01-15 12:08:30",1,"16"
849,"68","2015-01-15 12:08:30",1,"12.25"
849,"33","2015-01-15 12:08:30",1,"20.75"
849,"9","2015-01-15 12:08:30",1,"12.5"
850,"15","2015-01-15 12:15:35",1,"17.95"
850,"79","2015-01-15 12:15:35",1,"20.75"
850,"61","2015-01-15 12:15:35",1,"16.75"
851,"44","2015-01-15 12:20:22",1,"20.75"
852,"61","2015-01-15 12:33:51",1,"16.75"
853,"69","2015-01-15 12:36:39",1,"12.5"
854,"28","2015-01-15 12:51:19",1,"9.75"
854,"30","2015-01-15 12:51:19",1,"20.75"
855,"20","2015-01-15 12:56:54",1,"18.5"
855,"4","2015-01-15 12:56:54",1,"16.25"
855,"8","2015-01-15 12:56:54",1,"12.75"
855,"13","2015-01-15 12:56:54",1,"16.5"
855,"90","2015-01-15 12:56:54",1,"16"
856,"33","2015-01-15 12:59:20",1,"20.75"
857,"72","2015-01-15 13:01:53",1,"12"
858,"62","2015-01-15 13:03:42",1,"12.5"
858,"74","2015-01-15 13:03:42",1,"20.75"
858,"90","2015-01-15 13:03:42",1,"16"
859,"56","2015-01-15 13:05:13",1,"12"
859,"38","2015-01-15 13:05:13",1,"16.25"
859,"64","2015-01-15 13:05:13",1,"16.75"
859,"58","2015-01-15 13:05:13",1,"20.5"
860,"68","2015-01-15 13:07:53",1,"12.25"
860,"41","2015-01-15 13:07:53",1,"16.5"
861,"60","2015-01-15 13:08:44",1,"20.75"
862,"14","2015-01-15 13:10:45",1,"16.75"
863,"61","2015-01-15 13:12:29",1,"16.75"
864,"56","2015-01-15 14:04:23",1,"12"
864,"19","2015-01-15 14:04:23",1,"10.5"
864,"1","2015-01-15 14:04:23",1,"20.75"
864,"71","2015-01-15 14:04:23",1,"16"
864,"75","2015-01-15 14:04:23",1,"20.25"
864,"23","2015-01-15 14:04:23",1,"20.25"
864,"49","2015-01-15 14:04:23",1,"20.75"
864,"76","2015-01-15 14:04:23",1,"16"
864,"90","2015-01-15 14:04:23",1,"16"
865,"37","2015-01-15 14:10:00",1,"12"
866,"25","2015-01-15 14:18:09",1,"16.5"
867,"17","2015-01-15 14:19:28",1,"16.5"
867,"19","2015-01-15 14:19:28",1,"10.5"
868,"70","2015-01-15 14:27:25",1,"16.5"
869,"57","2015-01-15 14:31:43",1,"16.5"
869,"74","2015-01-15 14:31:43",1,"20.75"
870,"20","2015-01-15 14:38:31",1,"18.5"
870,"89","2015-01-15 14:38:31",1,"14.75"
871,"78","2015-01-15 14:45:22",1,"12.75"
872,"7","2015-01-15 14:48:37",1,"16.5"
873,"69","2015-01-15 15:06:15",1,"12.5"
874,"91","2015-01-15 15:20:36",1,"11"
874,"79","2015-01-15 15:20:36",1,"20.75"
875,"63","2015-01-15 15:23:21",1,"16.75"
876,"19","2015-01-15 15:27:03",1,"10.5"
876,"8","2015-01-15 15:27:03",1,"12.75"
876,"33","2015-01-15 15:27:03",1,"20.75"
877,"15","2015-01-15 15:32:59",1,"17.95"
878,"63","2015-01-15 16:05:58",1,"16.75"
879,"8","2015-01-15 16:12:57",1,"12.75"
879,"42","2015-01-15 16:12:57",1,"12.5"
879,"90","2015-01-15 16:12:57",1,"16"
880,"18","2015-01-15 16:19:26",1,"15.25"
880,"28","2015-01-15 16:19:26",1,"9.75"
881,"63","2015-01-15 16:40:04",1,"16.75"
881,"16","2015-01-15 16:40:04",1,"12.5"
882,"7","2015-01-15 16:44:46",1,"16.5"
882,"81","2015-01-15 16:44:46",1,"12"
882,"74","2015-01-15 16:44:46",1,"20.75"
883,"63","2015-01-15 16:56:05",1,"16.75"
883,"37","2015-01-15 16:56:05",1,"12"
883,"19","2015-01-15 16:56:05",1,"10.5"
883,"45","2015-01-15 16:56:05",1,"12.5"
884,"19","2015-01-15 16:57:15",1,"10.5"
885,"24","2015-01-15 16:57:55",1,"16"
885,"68","2015-01-15 16:57:55",1,"12.25"
885,"41","2015-01-15 16:57:55",1,"16.5"
885,"55","2015-01-15 16:57:55",1,"25.5"
886,"11","2015-01-15 17:05:35",1,"20.25"
886,"68","2015-01-15 17:05:35",1,"12.25"
886,"33","2015-01-15 17:05:35",1,"20.75"
887,"18","2015-01-15 17:13:58",1,"15.25"
887,"41","2015-01-15 17:13:58",1,"16.5"
888,"4","2015-01-15 17:14:27",1,"16.25"
888,"77","2015-01-15 17:14:27",1,"12.5"
889,"44","2015-01-15 17:27:51",1,"20.75"
890,"89","2015-01-15 17:32:25",1,"14.75"
891,"73","2015-01-15 17:43:34",1,"20.75"
892,"15","2015-01-15 18:04:29",1,"17.95"
892,"11","2015-01-15 18:04:29",1,"20.25"
893,"15","2015-01-15 18:15:22",1,"17.95"
894,"72","2015-01-15 18:17:26",1,"12"
895,"44","2015-01-15 18:18:11",1,"20.75"
895,"17","2015-01-15 18:18:11",1,"16.5"
895,"28","2015-01-15 18:18:11",1,"9.75"
896,"32","2015-01-15 18:27:28",1,"20.75"
896,"20","2015-01-15 18:27:28",1,"18.5"
897,"36","2015-01-15 18:53:07",1,"20.5"
897,"2","2015-01-15 18:53:07",1,"12"
897,"23","2015-01-15 18:53:07",1,"20.25"
898,"37","2015-01-15 18:56:49",1,"12"
899,"33","2015-01-15 19:06:14",1,"20.75"
899,"55","2015-01-15 19:06:14",1,"25.5"
900,"18","2015-01-15 19:09:51",1,"15.25"
900,"28","2015-01-15 19:09:51",1,"9.75"
901,"56","2015-01-15 19:16:11",1,"12"
902,"51","2015-01-15 19:21:00",1,"20.75"
903,"29","2015-01-15 19:27:22",1,"20.5"
903,"51","2015-01-15 19:27:22",1,"20.75"
903,"30","2015-01-15 19:27:22",1,"20.75"
904,"86","2015-01-15 20:07:01",1,"16.75"
904,"91","2015-01-15 20:07:01",1,"11"
905,"86","2015-01-15 20:12:06",1,"16.75"
905,"22","2015-01-15 20:12:06",1,"16.75"
905,"90","2015-01-15 20:12:06",1,"16"
906,"77","2015-01-15 20:51:59",1,"12.5"
906,"79","2015-01-15 20:51:59",1,"20.75"
907,"68","2015-01-15 20:54:32",1,"12.25"
908,"69","2015-01-15 21:42:32",1,"12.5"
908,"74","2015-01-15 21:42:32",1,"20.75"
909,"44","2015-01-16 11:19:25",1,"20.75"
909,"22","2015-01-16 11:19:25",1,"16.75"
909,"9","2015-01-16 11:19:25",1,"12.5"
910,"6","2015-01-16 11:25:40",1,"12"
910,"45","2015-01-16 11:25:40",1,"12.5"
910,"82","2015-01-16 11:25:40",1,"20.25"
911,"31","2015-01-16 11:36:00",1,"12.75"
911,"81","2015-01-16 11:36:00",1,"12"
912,"52","2015-01-16 11:39:48",1,"14.5"
913,"42","2015-01-16 11:55:24",1,"12.5"
914,"90","2015-01-16 12:14:22",1,"16"
915,"86","2015-01-16 12:20:22",1,"16.75"
915,"20","2015-01-16 12:20:22",1,"18.5"
915,"85","2015-01-16 12:20:22",1,"12"
915,"46","2015-01-16 12:20:22",1,"16"
915,"18","2015-01-16 12:20:22",1,"15.25"
915,"69","2015-01-16 12:20:22",1,"12.5"
915,"45","2015-01-16 12:20:22",1,"12.5"
915,"33","2015-01-16 12:20:22",1,"20.75"
916,"39","2015-01-16 12:30:09",1,"16.5"
916,"12","2015-01-16 12:30:09",1,"20.25"
916,"18","2015-01-16 12:30:09",1,"15.25"
916,"55","2015-01-16 12:30:09",1,"25.5"
917,"79","2015-01-16 12:34:15",1,"20.75"
918,"81","2015-01-16 13:06:04",1,"12"
919,"84","2015-01-16 13:11:15",1,"20.5"
920,"86","2015-01-16 13:16:55",1,"16.75"
920,"54","2015-01-16 13:16:55",1,"16"
921,"79","2015-01-16 13:18:32",1,"20.75"
921,"73","2015-01-16 13:18:32",1,"20.75"
922,"38","2015-01-16 13:19:43",1,"16.25"
922,"69","2015-01-16 13:19:43",1,"12.5"
922,"79","2015-01-16 13:19:43",1,"20.75"
923,"24","2015-01-16 13:23:29",1,"16"
923,"81","2015-01-16 13:23:29",1,"12"
924,"18","2015-01-16 13:27:57",1,"15.25"
924,"79","2015-01-16 13:27:57",1,"20.75"
925,"82","2015-01-16 13:42:47",1,"20.25"
926,"54","2015-01-16 13:51:38",1,"16"
926,"18","2015-01-16 13:51:38",1,"15.25"
926,"68","2015-01-16 13:51:38",1,"12.25"
926,"82","2015-01-16 13:51:38",1,"20.25"
927,"63","2015-01-16 13:59:21",1,"16.75"
927,"64","2015-01-16 13:59:21",1,"16.75"
927,"54","2015-01-16 13:59:21",1,"16"
927,"89","2015-01-16 13:59:21",1,"14.75"
927,"19","2015-01-16 13:59:21",1,"10.5"
927,"6","2015-01-16 13:59:21",1,"12"
927,"24","2015-01-16 13:59:21",1,"16"
927,"46","2015-01-16 13:59:21",1,"16"
927,"3","2015-01-16 13:59:21",1,"16"
928,"32","2015-01-16 14:14:40",1,"20.75"
928,"74","2015-01-16 14:14:40",1,"20.75"
929,"20","2015-01-16 14:24:45",1,"18.5"
930,"6","2015-01-16 15:00:11",1,"12"
930,"84","2015-01-16 15:00:11",1,"20.5"
930,"91","2015-01-16 15:00:11",1,"11"
931,"44","2015-01-16 15:27:24",1,"20.75"
931,"20","2015-01-16 15:27:24",1,"18.5"
931,"62","2015-01-16 15:27:24",1,"12.5"
932,"38","2015-01-16 15:33:19",1,"16.25"
932,"27","2015-01-16 15:33:19",1,"12.75"
933,"20","2015-01-16 15:49:05",1,"18.5"
934,"74","2015-01-16 15:55:24",1,"20.75"
935,"56","2015-01-16 16:14:59",1,"12"
935,"33","2015-01-16 16:14:59",1,"20.75"
935,"3","2015-01-16 16:14:59",1,"16"
935,"76","2015-01-16 16:14:59",1,"16"
936,"68","2015-01-16 16:19:19",1,"12.25"
937,"9","2015-01-16 16:20:32",1,"12.5"
938,"39","2015-01-16 16:43:09",1,"16.5"
938,"51","2015-01-16 16:43:09",1,"20.75"
938,"23","2015-01-16 16:43:09",1,"20.25"
939,"51","2015-01-16 16:59:23",1,"20.75"
939,"65","2015-01-16 16:59:23",1,"12.5"
940,"84","2015-01-16 17:05:08",1,"20.5"
940,"52","2015-01-16 17:05:08",1,"14.5"
940,"25","2015-01-16 17:05:08",1,"16.5"
941,"59","2015-01-16 17:09:08",1,"16"
941,"36","2015-01-16 17:09:08",1,"20.5"
942,"86","2015-01-16 17:18:37",1,"16.75"
942,"79","2015-01-16 17:18:37",1,"20.75"
943,"68","2015-01-16 17:22:00",1,"12.25"
944,"54","2015-01-16 17:54:33",1,"16"
945,"44","2015-01-16 17:58:38",1,"20.75"
945,"20","2015-01-16 17:58:38",1,"18.5"
945,"15","2015-01-16 17:58:38",1,"17.95"
945,"19","2015-01-16 17:58:38",1,"10.5"
946,"50","2015-01-16 18:00:48",1,"12.75"
946,"28","2015-01-16 18:00:48",1,"9.75"
946,"73","2015-01-16 18:00:48",1,"20.75"
946,"42","2015-01-16 18:00:48",1,"12.5"
947,"63","2015-01-16 18:13:15",1,"16.75"
947,"18","2015-01-16 18:13:15",1,"15.25"
947,"55","2015-01-16 18:13:15",1,"25.5"
948,"91","2015-01-16 18:42:17",1,"11"
948,"18","2015-01-16 18:42:17",1,"15.25"
948,"33","2015-01-16 18:42:17",1,"20.75"
948,"67","2015-01-16 18:42:17",1,"12"
949,"12","2015-01-16 18:52:18",1,"20.25"
949,"90","2015-01-16 18:52:18",1,"16"
950,"63","2015-01-16 18:57:56",1,"16.75"
951,"22","2015-01-16 19:03:46",1,"16.75"
952,"56","2015-01-16 19:05:35",1,"12"
952,"26","2015-01-16 19:05:35",1,"20.25"
952,"25","2015-01-16 19:05:35",1,"16.5"
952,"81","2015-01-16 19:05:35",1,"12"
953,"31","2015-01-16 19:12:08",1,"12.75"
953,"64","2015-01-16 19:12:08",1,"16.75"
953,"81","2015-01-16 19:12:08",1,"12"
954,"74","2015-01-16 19:14:03",2,"41.5"
955,"63","2015-01-16 19:24:16",1,"16.75"
955,"20","2015-01-16 19:24:16",1,"18.5"
955,"84","2015-01-16 19:24:16",1,"20.5"
956,"7","2015-01-16 19:24:40",1,"16.5"
956,"27","2015-01-16 19:24:40",1,"12.75"
957,"15","2015-01-16 19:32:12",1,"17.95"
957,"21","2015-01-16 19:32:12",1,"20.25"
957,"5","2015-01-16 19:32:12",1,"12.75"
957,"73","2015-01-16 19:32:12",1,"20.75"
958,"18","2015-01-16 19:33:33",1,"15.25"
959,"50","2015-01-16 19:34:00",1,"12.75"
959,"13","2015-01-16 19:34:00",1,"16.5"
960,"33","2015-01-16 19:35:00",2,"41.5"
961,"31","2015-01-16 19:42:20",1,"12.75"
961,"36","2015-01-16 19:42:20",1,"20.5"
962,"56","2015-01-16 19:55:17",1,"12"
962,"35","2015-01-16 19:55:17",1,"17.5"
963,"63","2015-01-16 20:06:41",2,"33.5"
963,"66","2015-01-16 20:06:41",1,"20.75"
963,"4","2015-01-16 20:06:41",1,"16.25"
964,"56","2015-01-16 20:24:37",1,"12"
964,"89","2015-01-16 20:24:37",1,"14.75"
965,"85","2015-01-16 20:41:02",1,"12"
965,"33","2015-01-16 20:41:02",1,"20.75"
965,"3","2015-01-16 20:41:02",1,"16"
965,"61","2015-01-16 20:41:02",1,"16.75"
966,"68","2015-01-16 20:59:17",1,"12.25"
966,"23","2015-01-16 20:59:17",1,"20.25"
967,"71","2015-01-16 21:03:33",1,"16"
968,"19","2015-01-16 21:23:01",1,"10.5"
968,"6","2015-01-16 21:23:01",1,"12"
969,"24","2015-01-16 21:36:19",1,"16"
970,"54","2015-01-16 21:44:35",1,"16"
970,"33","2015-01-16 21:44:35",1,"20.75"
971,"64","2015-01-16 21:46:20",1,"16.75"
971,"54","2015-01-16 21:46:20",1,"16"
971,"1","2015-01-16 21:46:20",1,"20.75"
971,"75","2015-01-16 21:46:20",1,"20.25"
972,"18","2015-01-16 22:03:09",1,"15.25"
972,"28","2015-01-16 22:03:09",1,"9.75"
973,"12","2015-01-16 22:06:08",1,"20.25"
974,"37","2015-01-16 22:06:53",1,"12"
975,"59","2015-01-16 22:10:21",1,"16"
975,"11","2015-01-16 22:10:21",1,"20.25"
976,"18","2015-01-17 11:53:19",1,"15.25"
977,"52","2015-01-17 12:01:58",1,"14.5"
977,"74","2015-01-17 12:01:58",1,"20.75"
978,"31","2015-01-17 12:24:36",1,"12.75"
978,"56","2015-01-17 12:24:36",1,"12"
978,"88","2015-01-17 12:24:36",2,"47.3"
978,"17","2015-01-17 12:24:36",1,"16.5"
978,"19","2015-01-17 12:24:36",1,"10.5"
978,"1","2015-01-17 12:24:36",1,"20.75"
978,"39","2015-01-17 12:24:36",1,"16.5"
978,"11","2015-01-17 12:24:36",1,"20.25"
978,"51","2015-01-17 12:24:36",1,"20.75"
978,"9","2015-01-17 12:24:36",1,"12.5"
978,"61","2015-01-17 12:24:36",1,"16.75"
979,"13","2015-01-17 12:57:28",1,"16.5"
980,"32","2015-01-17 12:58:36",1,"20.75"
980,"72","2015-01-17 12:58:36",1,"12"
980,"75","2015-01-17 12:58:36",1,"20.25"
980,"42","2015-01-17 12:58:36",1,"12.5"
980,"74","2015-01-17 12:58:36",1,"20.75"
980,"61","2015-01-17 12:58:36",1,"16.75"
981,"44","2015-01-17 13:56:46",1,"20.75"
982,"15","2015-01-17 14:12:58",1,"17.95"
982,"17","2015-01-17 14:12:58",1,"16.5"
982,"18","2015-01-17 14:12:58",1,"15.25"
982,"79","2015-01-17 14:12:58",1,"20.75"
983,"56","2015-01-17 14:29:31",1,"12"
984,"6","2015-01-17 14:33:55",1,"12"
985,"40","2015-01-17 14:34:50",1,"13.25"
985,"22","2015-01-17 14:34:50",1,"16.75"
985,"77","2015-01-17 14:34:50",1,"12.5"
986,"90","2015-01-17 14:35:25",1,"16"
987,"44","2015-01-17 14:41:14",1,"20.75"
987,"26","2015-01-17 14:41:14",1,"20.25"
987,"45","2015-01-17 14:41:14",1,"12.5"
988,"53","2015-01-17 14:44:56",1,"21"
989,"19","2015-01-17 15:08:38",1,"10.5"
990,"28","2015-01-17 15:30:10",1,"9.75"
991,"56","2015-01-17 15:43:27",1,"12"
991,"77","2015-01-17 15:43:27",1,"12.5"
992,"39","2015-01-17 15:49:31",1,"16.5"
993,"86","2015-01-17 16:16:59",1,"16.75"
994,"63","2015-01-17 16:19:42",1,"16.75"
994,"19","2015-01-17 16:19:42",1,"10.5"
994,"74","2015-01-17 16:19:42",1,"20.75"
994,"27","2015-01-17 16:19:42",1,"12.75"
995,"32","2015-01-17 16:57:30",1,"20.75"
996,"10","2015-01-17 17:11:07",1,"16"
996,"6","2015-01-17 17:11:07",1,"12"
996,"84","2015-01-17 17:11:07",1,"20.5"
996,"65","2015-01-17 17:11:07",1,"12.5"
997,"24","2015-01-17 17:16:26",1,"16"
998,"36","2015-01-17 17:19:16",1,"20.5"
999,"14","2015-01-17 17:21:24",1,"16.75"
1000,"88","2015-01-17 17:24:24",1,"23.65"
1000,"11","2015-01-17 17:24:24",1,"20.25"
1001,"56","2015-01-17 17:28:05",2,"24"
1001,"18","2015-01-17 17:28:05",1,"15.25"
1001,"33","2015-01-17 17:28:05",1,"20.75"
1002,"86","2015-01-17 17:29:41",1,"16.75"
1002,"43","2015-01-17 17:29:41",1,"16.75"
1003,"32","2015-01-17 17:31:16",1,"20.75"
1003,"63","2015-01-17 17:31:16",1,"16.75"
1003,"28","2015-01-17 17:31:16",1,"9.75"
1004,"55","2015-01-17 17:44:05",1,"25.5"
1005,"44","2015-01-17 17:49:51",1,"20.75"
1005,"68","2015-01-17 17:49:51",1,"12.25"
1006,"74","2015-01-17 18:28:12",1,"20.75"
1006,"67","2015-01-17 18:28:12",1,"12"
1007,"82","2015-01-17 18:35:22",1,"20.25"
1008,"54","2015-01-17 18:49:59",1,"16"
1008,"76","2015-01-17 18:49:59",1,"16"
1009,"54","2015-01-17 18:58:24",1,"16"
1009,"59","2015-01-17 18:58:24",1,"16"
1010,"56","2015-01-17 19:15:11",1,"12"
1010,"34","2015-01-17 19:15:11",1,"20.75"
1010,"53","2015-01-17 19:15:11",1,"21"
1011,"91","2015-01-17 19:20:20",1,"11"
1012,"59","2015-01-17 19:25:32",1,"16"
1012,"60","2015-01-17 19:25:32",1,"20.75"
1013,"70","2015-01-17 19:26:40",1,"16.5"
1013,"57","2015-01-17 19:26:40",1,"16.5"
1014,"66","2015-01-17 19:38:17",1,"20.75"
1014,"28","2015-01-17 19:38:17",1,"9.75"
1014,"45","2015-01-17 19:38:17",1,"12.5"
1014,"79","2015-01-17 19:38:17",1,"20.75"
1015,"74","2015-01-17 19:42:51",1,"20.75"
1016,"63","2015-01-17 19:44:36",1,"16.75"
1016,"40","2015-01-17 19:44:36",1,"13.25"
1016,"68","2015-01-17 19:44:36",1,"12.25"
1017,"63","2015-01-17 20:13:32",1,"16.75"
1018,"44","2015-01-17 20:38:50",1,"20.75"
1018,"50","2015-01-17 20:38:50",1,"12.75"
1018,"91","2015-01-17 20:38:50",1,"11"
1019,"19","2015-01-17 20:50:54",2,"21"
1019,"77","2015-01-17 20:50:54",1,"12.5"
1019,"65","2015-01-17 20:50:54",1,"12.5"
1020,"44","2015-01-17 21:04:20",1,"20.75"
1020,"31","2015-01-17 21:04:20",1,"12.75"
1020,"69","2015-01-17 21:04:20",1,"12.5"
1020,"79","2015-01-17 21:04:20",1,"20.75"
1021,"44","2015-01-17 21:11:31",1,"20.75"
1021,"32","2015-01-17 21:11:31",1,"20.75"
1021,"87","2015-01-17 21:11:31",1,"12"
1021,"69","2015-01-17 21:11:31",1,"12.5"
1022,"74","2015-01-17 21:16:01",1,"20.75"
1023,"10","2015-01-17 21:20:18",1,"16"
1024,"44","2015-01-17 21:21:23",1,"20.75"
1025,"91","2015-01-17 21:49:00",1,"11"
1025,"18","2015-01-17 21:49:00",1,"15.25"
1025,"82","2015-01-17 21:49:00",1,"20.25"
1026,"32","2015-01-17 21:55:05",1,"20.75"
1026,"29","2015-01-17 21:55:05",1,"20.5"
1027,"15","2015-01-17 21:57:02",1,"17.95"
1028,"84","2015-01-17 22:02:45",1,"20.5"
1028,"75","2015-01-17 22:02:45",1,"20.25"
1029,"4","2015-01-17 22:06:27",1,"16.25"
1029,"58","2015-01-17 22:06:27",1,"20.5"
1030,"28","2015-01-17 22:13:59",1,"9.75"
1030,"51","2015-01-17 22:13:59",1,"20.75"
1030,"68","2015-01-17 22:13:59",1,"12.25"
1030,"33","2015-01-17 22:13:59",1,"20.75"
1031,"29","2015-01-18 11:39:03",1,"20.5"
1031,"17","2015-01-18 11:39:03",1,"16.5"
1032,"44","2015-01-18 11:45:13",1,"20.75"
1033,"63","2015-01-18 11:54:13",1,"16.75"
1034,"86","2015-01-18 12:07:59",1,"16.75"
1034,"12","2015-01-18 12:07:59",1,"20.25"
1034,"84","2015-01-18 12:07:59",1,"20.5"
1034,"72","2015-01-18 12:07:59",1,"12"
1034,"18","2015-01-18 12:07:59",1,"15.25"
1034,"4","2015-01-18 12:07:59",1,"16.25"
1034,"30","2015-01-18 12:07:59",1,"20.75"
1034,"81","2015-01-18 12:07:59",1,"12"
1035,"63","2015-01-18 12:13:15",1,"16.75"
1035,"21","2015-01-18 12:13:15",1,"20.25"
1035,"39","2015-01-18 12:13:15",1,"16.5"
1035,"87","2015-01-18 12:13:15",1,"12"
1036,"54","2015-01-18 12:49:29",1,"16"
1036,"39","2015-01-18 12:49:29",1,"16.5"
1036,"12","2015-01-18 12:49:29",1,"20.25"
1036,"74","2015-01-18 12:49:29",1,"20.75"
1037,"56","2015-01-18 13:04:54",1,"12"
1037,"83","2015-01-18 13:04:54",1,"12.75"
1037,"54","2015-01-18 13:04:54",1,"16"
1037,"39","2015-01-18 13:04:54",1,"16.5"
1038,"17","2015-01-18 13:14:59",1,"16.5"
1038,"18","2015-01-18 13:14:59",1,"15.25"
1039,"29","2015-01-18 13:33:31",1,"20.5"
1040,"51","2015-01-18 13:56:05",1,"20.75"
1040,"74","2015-01-18 13:56:05",1,"20.75"
1041,"68","2015-01-18 13:59:47",1,"12.25"
1042,"91","2015-01-18 14:06:19",1,"11"
1043,"89","2015-01-18 14:07:36",1,"14.75"
1043,"28","2015-01-18 14:07:36",1,"9.75"
1043,"51","2015-01-18 14:07:36",1,"20.75"
1043,"7","2015-01-18 14:07:36",1,"16.5"
1043,"68","2015-01-18 14:07:36",2,"24.5"
1043,"14","2015-01-18 14:07:36",1,"16.75"
1043,"9","2015-01-18 14:07:36",1,"12.5"
1043,"3","2015-01-18 14:07:36",1,"16"
1044,"55","2015-01-18 14:20:16",1,"25.5"
1045,"63","2015-01-18 14:22:14",1,"16.75"
1046,"37","2015-01-18 14:39:33",1,"12"
1047,"31","2015-01-18 14:50:37",1,"12.75"
1047,"15","2015-01-18 14:50:37",2,"35.9"
1047,"28","2015-01-18 14:50:37",1,"9.75"
1048,"82","2015-01-18 14:53:25",1,"20.25"
1049,"44","2015-01-18 14:57:48",1,"20.75"
1050,"81","2015-01-18 15:05:54",1,"12"
1051,"32","2015-01-18 15:08:45",1,"20.75"
1052,"25","2015-01-18 15:28:12",1,"16.5"
1052,"30","2015-01-18 15:28:12",1,"20.75"
1053,"63","2015-01-18 15:43:17",1,"16.75"
1053,"18","2015-01-18 15:43:17",1,"15.25"
1053,"57","2015-01-18 15:43:17",1,"16.5"
1054,"86","2015-01-18 15:56:04",1,"16.75"
1054,"28","2015-01-18 15:56:04",1,"9.75"
1055,"56","2015-01-18 16:07:14",1,"12"
1056,"86","2015-01-18 16:12:18",1,"16.75"
1056,"7","2015-01-18 16:12:18",1,"16.5"
1056,"61","2015-01-18 16:12:18",1,"16.75"
1057,"19","2015-01-18 16:18:37",1,"10.5"
1057,"18","2015-01-18 16:18:37",1,"15.25"
1058,"50","2015-01-18 16:30:09",1,"12.75"
1059,"86","2015-01-18 16:30:14",1,"16.75"
1059,"24","2015-01-18 16:30:14",1,"16"
1059,"18","2015-01-18 16:30:14",1,"15.25"
1059,"49","2015-01-18 16:30:14",1,"20.75"
1060,"12","2015-01-18 16:39:46",1,"20.25"
1060,"65","2015-01-18 16:39:46",1,"12.5"
1061,"45","2015-01-18 17:17:02",1,"12.5"
1061,"42","2015-01-18 17:17:02",1,"12.5"
1062,"39","2015-01-18 17:21:38",2,"33"
1062,"84","2015-01-18 17:21:38",1,"20.5"
1063,"56","2015-01-18 17:28:29",1,"12"
1063,"38","2015-01-18 17:28:29",1,"16.25"
1063,"2","2015-01-18 17:28:29",1,"12"
1064,"45","2015-01-18 17:30:00",1,"12.5"
1065,"86","2015-01-18 17:48:16",1,"16.75"
1065,"32","2015-01-18 17:48:16",1,"20.75"
1065,"66","2015-01-18 17:48:16",1,"20.75"
1065,"90","2015-01-18 17:48:16",1,"16"
1066,"63","2015-01-18 18:10:50",1,"16.75"
1066,"54","2015-01-18 18:10:50",1,"16"
1066,"5","2015-01-18 18:10:50",1,"12.75"
1066,"91","2015-01-18 18:10:50",1,"11"
1067,"32","2015-01-18 18:13:43",1,"20.75"
1067,"17","2015-01-18 18:13:43",1,"16.5"
1067,"51","2015-01-18 18:13:43",1,"20.75"
1068,"4","2015-01-18 18:16:32",1,"16.25"
1068,"79","2015-01-18 18:16:32",1,"20.75"
1069,"56","2015-01-18 18:19:47",1,"12"
1069,"68","2015-01-18 18:19:47",1,"12.25"
1069,"27","2015-01-18 18:19:47",1,"12.75"
1070,"86","2015-01-18 18:21:27",1,"16.75"
1070,"18","2015-01-18 18:21:27",1,"15.25"
1071,"52","2015-01-18 18:27:40",1,"14.5"
1071,"62","2015-01-18 18:27:40",1,"12.5"
1071,"13","2015-01-18 18:27:40",1,"16.5"
1072,"37","2015-01-18 18:32:32",1,"12"
1072,"20","2015-01-18 18:32:32",1,"18.5"
1072,"89","2015-01-18 18:32:32",1,"14.75"
1073,"20","2015-01-18 18:42:02",1,"18.5"
1073,"33","2015-01-18 18:42:02",1,"20.75"
1073,"13","2015-01-18 18:42:02",1,"16.5"
1074,"53","2015-01-18 19:01:54",1,"21"
1075,"12","2015-01-18 19:15:17",1,"20.25"
1076,"39","2015-01-18 19:36:15",1,"16.5"
1076,"18","2015-01-18 19:36:15",1,"15.25"
1077,"64","2015-01-18 20:13:25",1,"16.75"
1078,"15","2015-01-18 20:20:42",1,"17.95"
1078,"36","2015-01-18 20:20:42",1,"20.5"
1079,"85","2015-01-18 20:45:11",1,"12"
1079,"18","2015-01-18 20:45:11",1,"15.25"
1079,"27","2015-01-18 20:45:11",1,"12.75"
1080,"22","2015-01-18 21:22:58",1,"16.75"
1080,"75","2015-01-18 21:22:58",1,"20.25"
1080,"77","2015-01-18 21:22:58",1,"12.5"
1080,"41","2015-01-18 21:22:58",1,"16.5"
1081,"20","2015-01-18 21:27:05",1,"18.5"
1082,"51","2015-01-19 11:16:43",1,"20.75"
1082,"74","2015-01-19 11:16:43",1,"20.75"
1083,"79","2015-01-19 11:19:51",1,"20.75"
1084,"56","2015-01-19 11:27:33",1,"12"
1085,"19","2015-01-19 11:37:05",1,"10.5"
